timestamp,market_ticker,side,level,price_cents,price_dollars,size
2026-02-26T14:15:31.920669+00:00,KXNBAGAME-26FEB28TORWAS-WAS,ask,0,1,0.01,8461
2026-02-26T14:15:31.920669+00:00,KXNBAGAME-26FEB28TORWAS-WAS,ask,1,2,0.02,2000
2026-02-26T14:15:31.920669+00:00,KXNBAGAME-26FEB28TORWAS-WAS,ask,2,3,0.03,500
2026-02-26T14:15:31.920669+00:00,KXNBAGAME-26FEB28TORWAS-WAS,ask,3,5,0.05,500
2026-02-26T14:15:31.920669+00:00,KXNBAGAME-26FEB28TORWAS-WAS,ask,4,12,0.12,500
2026-02-26T14:15:31.920669+00:00,KXNBAGAME-26FEB28TORWAS-WAS,ask,5,13,0.13,500
2026-02-26T14:15:31.920669+00:00,KXNBAGAME-26FEB28TORWAS-WAS,ask,6,16,0.16,20
2026-02-26T14:15:31.920669+00:00,KXNBAGAME-26FEB28TORWAS-WAS,ask,7,17,0.17,125
2026-02-26T14:15:31.920669+00:00,KXNBAGAME-26FEB28TORWAS-WAS,bid,6,1,0.01,8000
2026-02-26T14:15:31.920669+00:00,KXNBAGAME-26FEB28TORWAS-WAS,bid,5,2,0.02,2000
2026-02-26T14:15:31.920669+00:00,KXNBAGAME-26FEB28TORWAS-WAS,bid,4,3,0.03,500
2026-02-26T14:15:31.920669+00:00,KXNBAGAME-26FEB28TORWAS-WAS,bid,3,5,0.05,500
2026-02-26T14:15:31.920669+00:00,KXNBAGAME-26FEB28TORWAS-WAS,bid,2,11,0.11,500
2026-02-26T14:15:31.920669+00:00,KXNBAGAME-26FEB28TORWAS-WAS,bid,1,12,0.12,300
2026-02-26T14:15:31.920669+00:00,KXNBAGAME-26FEB28TORWAS-WAS,bid,0,13,0.13,500
2026-02-26T14:23:07.331209+00:00,KXNBAGAME-26FEB28TORWAS-WAS,ask,0,1,0.01,11461
2026-02-26T14:23:07.331209+00:00,KXNBAGAME-26FEB28TORWAS-WAS,ask,1,2,0.02,2000
2026-02-26T14:23:07.331209+00:00,KXNBAGAME-26FEB28TORWAS-WAS,ask,2,3,0.03,500
2026-02-26T14:23:07.331209+00:00,KXNBAGAME-26FEB28TORWAS-WAS,ask,3,5,0.05,500
2026-02-26T14:23:07.331209+00:00,KXNBAGAME-26FEB28TORWAS-WAS,ask,4,12,0.12,500
2026-02-26T14:23:07.331209+00:00,KXNBAGAME-26FEB28TORWAS-WAS,ask,5,13,0.13,500
2026-02-26T14:23:07.331209+00:00,KXNBAGAME-26FEB28TORWAS-WAS,ask,6,16,0.16,20
2026-02-26T14:23:07.331209+00:00,KXNBAGAME-26FEB28TORWAS-WAS,ask,7,17,0.17,125
2026-02-26T14:23:07.331209+00:00,KXNBAGAME-26FEB28TORWAS-WAS,bid,6,1,0.01,11000
2026-02-26T14:23:07.331209+00:00,KXNBAGAME-26FEB28TORWAS-WAS,bid,5,2,0.02,2000
2026-02-26T14:23:07.331209+00:00,KXNBAGAME-26FEB28TORWAS-WAS,bid,4,3,0.03,500
2026-02-26T14:23:07.331209+00:00,KXNBAGAME-26FEB28TORWAS-WAS,bid,3,5,0.05,500
2026-02-26T14:23:07.331209+00:00,KXNBAGAME-26FEB28TORWAS-WAS,bid,2,11,0.11,500
2026-02-26T14:23:07.331209+00:00,KXNBAGAME-26FEB28TORWAS-WAS,bid,1,12,0.12,300
2026-02-26T14:23:07.331209+00:00,KXNBAGAME-26FEB28TORWAS-WAS,bid,0,13,0.13,500
2026-02-26T14:30:43.217007+00:00,KXNBAGAME-26FEB28TORWAS-WAS,ask,0,1,0.01,11461
2026-02-26T14:30:43.217007+00:00,KXNBAGAME-26FEB28TORWAS-WAS,ask,1,2,0.02,2000
2026-02-26T14:30:43.217007+00:00,KXNBAGAME-26FEB28TORWAS-WAS,ask,2,3,0.03,500
2026-02-26T14:30:43.217007+00:00,KXNBAGAME-26FEB28TORWAS-WAS,ask,3,5,0.05,500
2026-02-26T14:30:43.217007+00:00,KXNBAGAME-26FEB28TORWAS-WAS,ask,4,12,0.12,500
2026-02-26T14:30:43.217007+00:00,KXNBAGAME-26FEB28TORWAS-WAS,ask,5,13,0.13,500
2026-02-26T14:30:43.217007+00:00,KXNBAGAME-26FEB28TORWAS-WAS,ask,6,16,0.16,20
2026-02-26T14:30:43.217007+00:00,KXNBAGAME-26FEB28TORWAS-WAS,ask,7,17,0.17,125
2026-02-26T14:30:43.217007+00:00,KXNBAGAME-26FEB28TORWAS-WAS,bid,6,1,0.01,11000
2026-02-26T14:30:43.217007+00:00,KXNBAGAME-26FEB28TORWAS-WAS,bid,5,2,0.02,2000
2026-02-26T14:30:43.217007+00:00,KXNBAGAME-26FEB28TORWAS-WAS,bid,4,3,0.03,500
2026-02-26T14:30:43.217007+00:00,KXNBAGAME-26FEB28TORWAS-WAS,bid,3,5,0.05,500
2026-02-26T14:30:43.217007+00:00,KXNBAGAME-26FEB28TORWAS-WAS,bid,2,11,0.11,500
2026-02-26T14:30:43.217007+00:00,KXNBAGAME-26FEB28TORWAS-WAS,bid,1,12,0.12,300
2026-02-26T14:30:43.217007+00:00,KXNBAGAME-26FEB28TORWAS-WAS,bid,0,13,0.13,500
2026-02-26T14:38:17.656007+00:00,KXNBAGAME-26FEB28TORWAS-WAS,ask,0,1,0.01,11461
2026-02-26T14:38:17.656007+00:00,KXNBAGAME-26FEB28TORWAS-WAS,ask,1,2,0.02,4500
2026-02-26T14:38:17.656007+00:00,KXNBAGAME-26FEB28TORWAS-WAS,ask,2,3,0.03,500
2026-02-26T14:38:17.656007+00:00,KXNBAGAME-26FEB28TORWAS-WAS,ask,3,5,0.05,500
2026-02-26T14:38:17.656007+00:00,KXNBAGAME-26FEB28TORWAS-WAS,ask,4,12,0.12,500
2026-02-26T14:38:17.656007+00:00,KXNBAGAME-26FEB28TORWAS-WAS,ask,5,13,0.13,500
2026-02-26T14:38:17.656007+00:00,KXNBAGAME-26FEB28TORWAS-WAS,ask,6,16,0.16,20
2026-02-26T14:38:17.656007+00:00,KXNBAGAME-26FEB28TORWAS-WAS,ask,7,17,0.17,125
2026-02-26T14:38:17.656007+00:00,KXNBAGAME-26FEB28TORWAS-WAS,bid,6,1,0.01,11000
2026-02-26T14:38:17.656007+00:00,KXNBAGAME-26FEB28TORWAS-WAS,bid,5,2,0.02,4500
2026-02-26T14:38:17.656007+00:00,KXNBAGAME-26FEB28TORWAS-WAS,bid,4,3,0.03,500
2026-02-26T14:38:17.656007+00:00,KXNBAGAME-26FEB28TORWAS-WAS,bid,3,5,0.05,500
2026-02-26T14:38:17.656007+00:00,KXNBAGAME-26FEB28TORWAS-WAS,bid,2,11,0.11,500
2026-02-26T14:38:17.656007+00:00,KXNBAGAME-26FEB28TORWAS-WAS,bid,1,12,0.12,300
2026-02-26T14:38:17.656007+00:00,KXNBAGAME-26FEB28TORWAS-WAS,bid,0,13,0.13,500
2026-02-26T14:45:53.147633+00:00,KXNBAGAME-26FEB28TORWAS-WAS,ask,0,1,0.01,11461
2026-02-26T14:45:53.147633+00:00,KXNBAGAME-26FEB28TORWAS-WAS,ask,1,2,0.02,4500
2026-02-26T14:45:53.147633+00:00,KXNBAGAME-26FEB28TORWAS-WAS,ask,2,3,0.03,500
2026-02-26T14:45:53.147633+00:00,KXNBAGAME-26FEB28TORWAS-WAS,ask,3,5,0.05,500
2026-02-26T14:45:53.147633+00:00,KXNBAGAME-26FEB28TORWAS-WAS,ask,4,12,0.12,500
2026-02-26T14:45:53.147633+00:00,KXNBAGAME-26FEB28TORWAS-WAS,ask,5,13,0.13,500
2026-02-26T14:45:53.147633+00:00,KXNBAGAME-26FEB28TORWAS-WAS,ask,6,16,0.16,20
2026-02-26T14:45:53.147633+00:00,KXNBAGAME-26FEB28TORWAS-WAS,ask,7,17,0.17,125
2026-02-26T14:45:53.147633+00:00,KXNBAGAME-26FEB28TORWAS-WAS,bid,6,1,0.01,11000
2026-02-26T14:45:53.147633+00:00,KXNBAGAME-26FEB28TORWAS-WAS,bid,5,2,0.02,4500
2026-02-26T14:45:53.147633+00:00,KXNBAGAME-26FEB28TORWAS-WAS,bid,4,3,0.03,500
2026-02-26T14:45:53.147633+00:00,KXNBAGAME-26FEB28TORWAS-WAS,bid,3,5,0.05,500
2026-02-26T14:45:53.147633+00:00,KXNBAGAME-26FEB28TORWAS-WAS,bid,2,11,0.11,500
2026-02-26T14:45:53.147633+00:00,KXNBAGAME-26FEB28TORWAS-WAS,bid,1,12,0.12,300
2026-02-26T14:45:53.147633+00:00,KXNBAGAME-26FEB28TORWAS-WAS,bid,0,13,0.13,500
2026-02-26T14:53:27.845846+00:00,KXNBAGAME-26FEB28TORWAS-WAS,ask,0,1,0.01,11461
2026-02-26T14:53:27.845846+00:00,KXNBAGAME-26FEB28TORWAS-WAS,ask,1,2,0.02,4500
2026-02-26T14:53:27.845846+00:00,KXNBAGAME-26FEB28TORWAS-WAS,ask,2,3,0.03,500
2026-02-26T14:53:27.845846+00:00,KXNBAGAME-26FEB28TORWAS-WAS,ask,3,5,0.05,500
2026-02-26T14:53:27.845846+00:00,KXNBAGAME-26FEB28TORWAS-WAS,ask,4,12,0.12,500
2026-02-26T14:53:27.845846+00:00,KXNBAGAME-26FEB28TORWAS-WAS,ask,5,13,0.13,500
2026-02-26T14:53:27.845846+00:00,KXNBAGAME-26FEB28TORWAS-WAS,ask,6,16,0.16,20
2026-02-26T14:53:27.845846+00:00,KXNBAGAME-26FEB28TORWAS-WAS,ask,7,17,0.17,125
2026-02-26T14:53:27.845846+00:00,KXNBAGAME-26FEB28TORWAS-WAS,bid,6,1,0.01,11000
2026-02-26T14:53:27.845846+00:00,KXNBAGAME-26FEB28TORWAS-WAS,bid,5,2,0.02,4500
2026-02-26T14:53:27.845846+00:00,KXNBAGAME-26FEB28TORWAS-WAS,bid,4,3,0.03,500
2026-02-26T14:53:27.845846+00:00,KXNBAGAME-26FEB28TORWAS-WAS,bid,3,5,0.05,500
2026-02-26T14:53:27.845846+00:00,KXNBAGAME-26FEB28TORWAS-WAS,bid,2,11,0.11,500
2026-02-26T14:53:27.845846+00:00,KXNBAGAME-26FEB28TORWAS-WAS,bid,1,12,0.12,300
2026-02-26T14:53:27.845846+00:00,KXNBAGAME-26FEB28TORWAS-WAS,bid,0,13,0.13,500
2026-02-26T15:01:03.185833+00:00,KXNBAGAME-26FEB28TORWAS-WAS,ask,0,1,0.01,11461
2026-02-26T15:01:03.185833+00:00,KXNBAGAME-26FEB28TORWAS-WAS,ask,1,2,0.02,4500
2026-02-26T15:01:03.185833+00:00,KXNBAGAME-26FEB28TORWAS-WAS,ask,2,3,0.03,500
2026-02-26T15:01:03.185833+00:00,KXNBAGAME-26FEB28TORWAS-WAS,ask,3,5,0.05,500
2026-02-26T15:01:03.185833+00:00,KXNBAGAME-26FEB28TORWAS-WAS,ask,4,12,0.12,500
2026-02-26T15:01:03.185833+00:00,KXNBAGAME-26FEB28TORWAS-WAS,ask,5,13,0.13,500
2026-02-26T15:01:03.185833+00:00,KXNBAGAME-26FEB28TORWAS-WAS,ask,6,16,0.16,20
2026-02-26T15:01:03.185833+00:00,KXNBAGAME-26FEB28TORWAS-WAS,ask,7,17,0.17,125
2026-02-26T15:01:03.185833+00:00,KXNBAGAME-26FEB28TORWAS-WAS,bid,6,1,0.01,11000
2026-02-26T15:01:03.185833+00:00,KXNBAGAME-26FEB28TORWAS-WAS,bid,5,2,0.02,4500
2026-02-26T15:01:03.185833+00:00,KXNBAGAME-26FEB28TORWAS-WAS,bid,4,3,0.03,500
2026-02-26T15:01:03.185833+00:00,KXNBAGAME-26FEB28TORWAS-WAS,bid,3,5,0.05,500
2026-02-26T15:01:03.185833+00:00,KXNBAGAME-26FEB28TORWAS-WAS,bid,2,11,0.11,500
2026-02-26T15:01:03.185833+00:00,KXNBAGAME-26FEB28TORWAS-WAS,bid,1,12,0.12,300
2026-02-26T15:01:03.185833+00:00,KXNBAGAME-26FEB28TORWAS-WAS,bid,0,13,0.13,500
2026-02-26T15:08:37.813606+00:00,KXNBAGAME-26FEB28TORWAS-WAS,ask,0,1,0.01,11461
2026-02-26T15:08:37.813606+00:00,KXNBAGAME-26FEB28TORWAS-WAS,ask,1,2,0.02,5507
2026-02-26T15:08:37.813606+00:00,KXNBAGAME-26FEB28TORWAS-WAS,ask,2,3,0.03,500
2026-02-26T15:08:37.813606+00:00,KXNBAGAME-26FEB28TORWAS-WAS,ask,3,5,0.05,500
2026-02-26T15:08:37.813606+00:00,KXNBAGAME-26FEB28TORWAS-WAS,ask,4,12,0.12,500
2026-02-26T15:08:37.813606+00:00,KXNBAGAME-26FEB28TORWAS-WAS,ask,5,13,0.13,500
2026-02-26T15:08:37.813606+00:00,KXNBAGAME-26FEB28TORWAS-WAS,ask,6,16,0.16,20
2026-02-26T15:08:37.813606+00:00,KXNBAGAME-26FEB28TORWAS-WAS,ask,7,17,0.17,125
2026-02-26T15:08:37.813606+00:00,KXNBAGAME-26FEB28TORWAS-WAS,ask,8,68,0.68,2000
2026-02-26T15:08:37.813606+00:00,KXNBAGAME-26FEB28TORWAS-WAS,ask,9,73,0.73,-281
2026-02-26T15:08:37.813606+00:00,KXNBAGAME-26FEB28TORWAS-WAS,ask,10,74,0.74,594
2026-02-26T15:08:37.813606+00:00,KXNBAGAME-26FEB28TORWAS-WAS,bid,7,1,0.01,11000
2026-02-26T15:08:37.813606+00:00,KXNBAGAME-26FEB28TORWAS-WAS,bid,6,2,0.02,5502
2026-02-26T15:08:37.813606+00:00,KXNBAGAME-26FEB28TORWAS-WAS,bid,5,3,0.03,500
2026-02-26T15:08:37.813606+00:00,KXNBAGAME-26FEB28TORWAS-WAS,bid,4,5,0.05,500
2026-02-26T15:08:37.813606+00:00,KXNBAGAME-26FEB28TORWAS-WAS,bid,3,7,0.07,12000
2026-02-26T15:08:37.813606+00:00,KXNBAGAME-26FEB28TORWAS-WAS,bid,2,11,0.11,500
2026-02-26T15:08:37.813606+00:00,KXNBAGAME-26FEB28TORWAS-WAS,bid,1,12,0.12,300
2026-02-26T15:08:37.813606+00:00,KXNBAGAME-26FEB28TORWAS-WAS,bid,0,13,0.13,500
2026-02-26T15:16:13.215096+00:00,KXNBAGAME-26FEB28TORWAS-WAS,ask,0,1,0.01,11461
2026-02-26T15:16:13.215096+00:00,KXNBAGAME-26FEB28TORWAS-WAS,ask,1,2,0.02,5507
2026-02-26T15:16:13.215096+00:00,KXNBAGAME-26FEB28TORWAS-WAS,ask,2,3,0.03,500
2026-02-26T15:16:13.215096+00:00,KXNBAGAME-26FEB28TORWAS-WAS,ask,3,5,0.05,500
2026-02-26T15:16:13.215096+00:00,KXNBAGAME-26FEB28TORWAS-WAS,ask,4,12,0.12,500
2026-02-26T15:16:13.215096+00:00,KXNBAGAME-26FEB28TORWAS-WAS,ask,5,13,0.13,500
2026-02-26T15:16:13.215096+00:00,KXNBAGAME-26FEB28TORWAS-WAS,ask,6,16,0.16,20
2026-02-26T15:16:13.215096+00:00,KXNBAGAME-26FEB28TORWAS-WAS,ask,7,68,0.68,2000
2026-02-26T15:16:13.215096+00:00,KXNBAGAME-26FEB28TORWAS-WAS,ask,8,73,0.73,8951
2026-02-26T15:16:13.215096+00:00,KXNBAGAME-26FEB28TORWAS-WAS,ask,9,74,0.74,719
2026-02-26T15:16:13.215096+00:00,KXNBAGAME-26FEB28TORWAS-WAS,bid,7,1,0.01,11000
2026-02-26T15:16:13.215096+00:00,KXNBAGAME-26FEB28TORWAS-WAS,bid,6,2,0.02,5502
2026-02-26T15:16:13.215096+00:00,KXNBAGAME-26FEB28TORWAS-WAS,bid,5,3,0.03,500
2026-02-26T15:16:13.215096+00:00,KXNBAGAME-26FEB28TORWAS-WAS,bid,4,5,0.05,500
2026-02-26T15:16:13.215096+00:00,KXNBAGAME-26FEB28TORWAS-WAS,bid,3,7,0.07,12000
2026-02-26T15:16:13.215096+00:00,KXNBAGAME-26FEB28TORWAS-WAS,bid,2,11,0.11,500
2026-02-26T15:16:13.215096+00:00,KXNBAGAME-26FEB28TORWAS-WAS,bid,1,12,0.12,300
2026-02-26T15:16:13.215096+00:00,KXNBAGAME-26FEB28TORWAS-WAS,bid,0,13,0.13,500
2026-02-26T15:23:47.831035+00:00,KXNBAGAME-26FEB28TORWAS-WAS,ask,0,1,0.01,11461
2026-02-26T15:23:47.831035+00:00,KXNBAGAME-26FEB28TORWAS-WAS,ask,1,2,0.02,5507
2026-02-26T15:23:47.831035+00:00,KXNBAGAME-26FEB28TORWAS-WAS,ask,2,3,0.03,500
2026-02-26T15:23:47.831035+00:00,KXNBAGAME-26FEB28TORWAS-WAS,ask,3,5,0.05,500
2026-02-26T15:23:47.831035+00:00,KXNBAGAME-26FEB28TORWAS-WAS,ask,4,12,0.12,500
2026-02-26T15:23:47.831035+00:00,KXNBAGAME-26FEB28TORWAS-WAS,ask,5,13,0.13,500
2026-02-26T15:23:47.831035+00:00,KXNBAGAME-26FEB28TORWAS-WAS,ask,6,16,0.16,609
2026-02-26T15:23:47.831035+00:00,KXNBAGAME-26FEB28TORWAS-WAS,ask,7,17,0.17,468
2026-02-26T15:23:47.831035+00:00,KXNBAGAME-26FEB28TORWAS-WAS,ask,8,68,0.68,2000
2026-02-26T15:23:47.831035+00:00,KXNBAGAME-26FEB28TORWAS-WAS,ask,9,74,0.74,992
2026-02-26T15:23:47.831035+00:00,KXNBAGAME-26FEB28TORWAS-WAS,ask,10,75,0.75,79
2026-02-26T15:23:47.831035+00:00,KXNBAGAME-26FEB28TORWAS-WAS,ask,11,76,0.76,125
2026-02-26T15:23:47.831035+00:00,KXNBAGAME-26FEB28TORWAS-WAS,bid,8,1,0.01,11000
2026-02-26T15:23:47.831035+00:00,KXNBAGAME-26FEB28TORWAS-WAS,bid,7,2,0.02,5502
2026-02-26T15:23:47.831035+00:00,KXNBAGAME-26FEB28TORWAS-WAS,bid,6,3,0.03,855
2026-02-26T15:23:47.831035+00:00,KXNBAGAME-26FEB28TORWAS-WAS,bid,5,5,0.05,500
2026-02-26T15:23:47.831035+00:00,KXNBAGAME-26FEB28TORWAS-WAS,bid,4,7,0.07,12000
2026-02-26T15:23:47.831035+00:00,KXNBAGAME-26FEB28TORWAS-WAS,bid,3,8,0.08,624
2026-02-26T15:23:47.831035+00:00,KXNBAGAME-26FEB28TORWAS-WAS,bid,2,11,0.11,500
2026-02-26T15:23:47.831035+00:00,KXNBAGAME-26FEB28TORWAS-WAS,bid,1,12,0.12,300
2026-02-26T15:23:47.831035+00:00,KXNBAGAME-26FEB28TORWAS-WAS,bid,0,13,0.13,500
2026-02-26T15:31:44.925160+00:00,KXNBAGAME-26FEB28TORWAS-WAS,ask,0,1,0.01,11461
2026-02-26T15:31:44.925160+00:00,KXNBAGAME-26FEB28TORWAS-WAS,ask,1,2,0.02,5507
2026-02-26T15:31:44.925160+00:00,KXNBAGAME-26FEB28TORWAS-WAS,ask,2,3,0.03,500
2026-02-26T15:31:44.925160+00:00,KXNBAGAME-26FEB28TORWAS-WAS,ask,3,5,0.05,624
2026-02-26T15:31:44.925160+00:00,KXNBAGAME-26FEB28TORWAS-WAS,ask,4,12,0.12,500
2026-02-26T15:31:44.925160+00:00,KXNBAGAME-26FEB28TORWAS-WAS,ask,5,13,0.13,500
2026-02-26T15:31:44.925160+00:00,KXNBAGAME-26FEB28TORWAS-WAS,ask,6,14,0.14,580
2026-02-26T15:31:44.925160+00:00,KXNBAGAME-26FEB28TORWAS-WAS,ask,7,15,0.15,41
2026-02-26T15:31:44.925160+00:00,KXNBAGAME-26FEB28TORWAS-WAS,ask,8,16,0.16,20
2026-02-26T15:31:44.925160+00:00,KXNBAGAME-26FEB28TORWAS-WAS,ask,9,25,0.25,24
2026-02-26T15:31:44.925160+00:00,KXNBAGAME-26FEB28TORWAS-WAS,ask,10,35,0.35,17
2026-02-26T15:31:44.925160+00:00,KXNBAGAME-26FEB28TORWAS-WAS,ask,11,68,0.68,2000
2026-02-26T15:31:44.925160+00:00,KXNBAGAME-26FEB28TORWAS-WAS,ask,12,74,0.74,992
2026-02-26T15:31:44.925160+00:00,KXNBAGAME-26FEB28TORWAS-WAS,ask,13,75,0.75,79
2026-02-26T15:31:44.925160+00:00,KXNBAGAME-26FEB28TORWAS-WAS,ask,14,76,0.76,125
2026-02-26T15:31:44.925160+00:00,KXNBAGAME-26FEB28TORWAS-WAS,bid,8,1,0.01,11000
2026-02-26T15:31:44.925160+00:00,KXNBAGAME-26FEB28TORWAS-WAS,bid,7,2,0.02,5502
2026-02-26T15:31:44.925160+00:00,KXNBAGAME-26FEB28TORWAS-WAS,bid,6,3,0.03,855
2026-02-26T15:31:44.925160+00:00,KXNBAGAME-26FEB28TORWAS-WAS,bid,5,5,0.05,500
2026-02-26T15:31:44.925160+00:00,KXNBAGAME-26FEB28TORWAS-WAS,bid,4,7,0.07,12000
2026-02-26T15:31:44.925160+00:00,KXNBAGAME-26FEB28TORWAS-WAS,bid,3,8,0.08,624
2026-02-26T15:31:44.925160+00:00,KXNBAGAME-26FEB28TORWAS-WAS,bid,2,11,0.11,500
2026-02-26T15:31:44.925160+00:00,KXNBAGAME-26FEB28TORWAS-WAS,bid,1,12,0.12,300
2026-02-26T15:31:44.925160+00:00,KXNBAGAME-26FEB28TORWAS-WAS,bid,0,13,0.13,500
2026-02-26T15:39:41.239996+00:00,KXNBAGAME-26FEB28TORWAS-WAS,ask,0,1,0.01,11461
2026-02-26T15:39:41.239996+00:00,KXNBAGAME-26FEB28TORWAS-WAS,ask,1,2,0.02,5507
2026-02-26T15:39:41.239996+00:00,KXNBAGAME-26FEB28TORWAS-WAS,ask,2,3,0.03,500
2026-02-26T15:39:41.239996+00:00,KXNBAGAME-26FEB28TORWAS-WAS,ask,3,5,0.05,624
2026-02-26T15:39:41.239996+00:00,KXNBAGAME-26FEB28TORWAS-WAS,ask,4,9,0.09,12
2026-02-26T15:39:41.239996+00:00,KXNBAGAME-26FEB28TORWAS-WAS,ask,5,12,0.12,500
2026-02-26T15:39:41.239996+00:00,KXNBAGAME-26FEB28TORWAS-WAS,ask,6,13,0.13,500
2026-02-26T15:39:41.239996+00:00,KXNBAGAME-26FEB28TORWAS-WAS,ask,7,14,0.14,580
2026-02-26T15:39:41.239996+00:00,KXNBAGAME-26FEB28TORWAS-WAS,ask,8,15,0.15,525
2026-02-26T15:39:41.239996+00:00,KXNBAGAME-26FEB28TORWAS-WAS,ask,9,16,0.16,20
2026-02-26T15:39:41.239996+00:00,KXNBAGAME-26FEB28TORWAS-WAS,ask,10,19,0.19,124
2026-02-26T15:39:41.239996+00:00,KXNBAGAME-26FEB28TORWAS-WAS,ask,11,25,0.25,24
2026-02-26T15:39:41.239996+00:00,KXNBAGAME-26FEB28TORWAS-WAS,ask,12,35,0.35,17
2026-02-26T15:39:41.239996+00:00,KXNBAGAME-26FEB28TORWAS-WAS,ask,13,68,0.68,2000
2026-02-26T15:39:41.239996+00:00,KXNBAGAME-26FEB28TORWAS-WAS,ask,14,74,0.74,992
2026-02-26T15:39:41.239996+00:00,KXNBAGAME-26FEB28TORWAS-WAS,ask,15,75,0.75,79
2026-02-26T15:39:41.239996+00:00,KXNBAGAME-26FEB28TORWAS-WAS,ask,16,76,0.76,125
2026-02-26T15:39:41.239996+00:00,KXNBAGAME-26FEB28TORWAS-WAS,bid,8,1,0.01,11000
2026-02-26T15:39:41.239996+00:00,KXNBAGAME-26FEB28TORWAS-WAS,bid,7,2,0.02,5502
2026-02-26T15:39:41.239996+00:00,KXNBAGAME-26FEB28TORWAS-WAS,bid,6,3,0.03,855
2026-02-26T15:39:41.239996+00:00,KXNBAGAME-26FEB28TORWAS-WAS,bid,5,5,0.05,500
2026-02-26T15:39:41.239996+00:00,KXNBAGAME-26FEB28TORWAS-WAS,bid,4,7,0.07,12000
2026-02-26T15:39:41.239996+00:00,KXNBAGAME-26FEB28TORWAS-WAS,bid,3,8,0.08,624
2026-02-26T15:39:41.239996+00:00,KXNBAGAME-26FEB28TORWAS-WAS,bid,2,11,0.11,500
2026-02-26T15:39:41.239996+00:00,KXNBAGAME-26FEB28TORWAS-WAS,bid,1,12,0.12,300
2026-02-26T15:39:41.239996+00:00,KXNBAGAME-26FEB28TORWAS-WAS,bid,0,13,0.13,500
2026-02-26T15:47:38.195406+00:00,KXNBAGAME-26FEB28TORWAS-WAS,ask,0,1,0.01,11461
2026-02-26T15:47:38.195406+00:00,KXNBAGAME-26FEB28TORWAS-WAS,ask,1,2,0.02,5507
2026-02-26T15:47:38.195406+00:00,KXNBAGAME-26FEB28TORWAS-WAS,ask,2,3,0.03,500
2026-02-26T15:47:38.195406+00:00,KXNBAGAME-26FEB28TORWAS-WAS,ask,3,5,0.05,624
2026-02-26T15:47:38.195406+00:00,KXNBAGAME-26FEB28TORWAS-WAS,ask,4,9,0.09,12
2026-02-26T15:47:38.195406+00:00,KXNBAGAME-26FEB28TORWAS-WAS,ask,5,12,0.12,500
2026-02-26T15:47:38.195406+00:00,KXNBAGAME-26FEB28TORWAS-WAS,ask,6,13,0.13,500
2026-02-26T15:47:38.195406+00:00,KXNBAGAME-26FEB28TORWAS-WAS,ask,7,14,0.14,580
2026-02-26T15:47:38.195406+00:00,KXNBAGAME-26FEB28TORWAS-WAS,ask,8,15,0.15,525
2026-02-26T15:47:38.195406+00:00,KXNBAGAME-26FEB28TORWAS-WAS,ask,9,16,0.16,20
2026-02-26T15:47:38.195406+00:00,KXNBAGAME-26FEB28TORWAS-WAS,ask,10,19,0.19,124
2026-02-26T15:47:38.195406+00:00,KXNBAGAME-26FEB28TORWAS-WAS,ask,11,25,0.25,24
2026-02-26T15:47:38.195406+00:00,KXNBAGAME-26FEB28TORWAS-WAS,ask,12,35,0.35,17
2026-02-26T15:47:38.195406+00:00,KXNBAGAME-26FEB28TORWAS-WAS,ask,13,68,0.68,2000
2026-02-26T15:47:38.195406+00:00,KXNBAGAME-26FEB28TORWAS-WAS,ask,14,74,0.74,992
2026-02-26T15:47:38.195406+00:00,KXNBAGAME-26FEB28TORWAS-WAS,ask,15,75,0.75,79
2026-02-26T15:47:38.195406+00:00,KXNBAGAME-26FEB28TORWAS-WAS,ask,16,76,0.76,125
2026-02-26T15:47:38.195406+00:00,KXNBAGAME-26FEB28TORWAS-WAS,bid,8,1,0.01,11000
2026-02-26T15:47:38.195406+00:00,KXNBAGAME-26FEB28TORWAS-WAS,bid,7,2,0.02,5502
2026-02-26T15:47:38.195406+00:00,KXNBAGAME-26FEB28TORWAS-WAS,bid,6,3,0.03,855
2026-02-26T15:47:38.195406+00:00,KXNBAGAME-26FEB28TORWAS-WAS,bid,5,5,0.05,500
2026-02-26T15:47:38.195406+00:00,KXNBAGAME-26FEB28TORWAS-WAS,bid,4,7,0.07,12000
2026-02-26T15:47:38.195406+00:00,KXNBAGAME-26FEB28TORWAS-WAS,bid,3,8,0.08,624
2026-02-26T15:47:38.195406+00:00,KXNBAGAME-26FEB28TORWAS-WAS,bid,2,11,0.11,500
2026-02-26T15:47:38.195406+00:00,KXNBAGAME-26FEB28TORWAS-WAS,bid,1,12,0.12,300
2026-02-26T15:47:38.195406+00:00,KXNBAGAME-26FEB28TORWAS-WAS,bid,0,13,0.13,500
2026-02-26T15:55:35.291090+00:00,KXNBAGAME-26FEB28TORWAS-WAS,ask,0,1,0.01,11461
2026-02-26T15:55:35.291090+00:00,KXNBAGAME-26FEB28TORWAS-WAS,ask,1,2,0.02,5507
2026-02-26T15:55:35.291090+00:00,KXNBAGAME-26FEB28TORWAS-WAS,ask,2,3,0.03,500
2026-02-26T15:55:35.291090+00:00,KXNBAGAME-26FEB28TORWAS-WAS,ask,3,5,0.05,638
2026-02-26T15:55:35.291090+00:00,KXNBAGAME-26FEB28TORWAS-WAS,ask,4,9,0.09,12
2026-02-26T15:55:35.291090+00:00,KXNBAGAME-26FEB28TORWAS-WAS,ask,5,12,0.12,500
2026-02-26T15:55:35.291090+00:00,KXNBAGAME-26FEB28TORWAS-WAS,ask,6,13,0.13,500
2026-02-26T15:55:35.291090+00:00,KXNBAGAME-26FEB28TORWAS-WAS,ask,7,14,0.14,580
2026-02-26T15:55:35.291090+00:00,KXNBAGAME-26FEB28TORWAS-WAS,ask,8,15,0.15,529
2026-02-26T15:55:35.291090+00:00,KXNBAGAME-26FEB28TORWAS-WAS,ask,9,16,0.16,20
2026-02-26T15:55:35.291090+00:00,KXNBAGAME-26FEB28TORWAS-WAS,ask,10,19,0.19,124
2026-02-26T15:55:35.291090+00:00,KXNBAGAME-26FEB28TORWAS-WAS,ask,11,25,0.25,26
2026-02-26T15:55:35.291090+00:00,KXNBAGAME-26FEB28TORWAS-WAS,ask,12,35,0.35,19
2026-02-26T15:55:35.291090+00:00,KXNBAGAME-26FEB28TORWAS-WAS,ask,13,68,0.68,2000
2026-02-26T15:55:35.291090+00:00,KXNBAGAME-26FEB28TORWAS-WAS,ask,14,74,0.74,992
2026-02-26T15:55:35.291090+00:00,KXNBAGAME-26FEB28TORWAS-WAS,ask,15,75,0.75,79
2026-02-26T15:55:35.291090+00:00,KXNBAGAME-26FEB28TORWAS-WAS,ask,16,76,0.76,125
2026-02-26T15:55:35.291090+00:00,KXNBAGAME-26FEB28TORWAS-WAS,bid,8,1,0.01,11000
2026-02-26T15:55:35.291090+00:00,KXNBAGAME-26FEB28TORWAS-WAS,bid,7,2,0.02,5502
2026-02-26T15:55:35.291090+00:00,KXNBAGAME-26FEB28TORWAS-WAS,bid,6,3,0.03,855
2026-02-26T15:55:35.291090+00:00,KXNBAGAME-26FEB28TORWAS-WAS,bid,5,5,0.05,500
2026-02-26T15:55:35.291090+00:00,KXNBAGAME-26FEB28TORWAS-WAS,bid,4,7,0.07,12000
2026-02-26T15:55:35.291090+00:00,KXNBAGAME-26FEB28TORWAS-WAS,bid,3,8,0.08,624
2026-02-26T15:55:35.291090+00:00,KXNBAGAME-26FEB28TORWAS-WAS,bid,2,11,0.11,500
2026-02-26T15:55:35.291090+00:00,KXNBAGAME-26FEB28TORWAS-WAS,bid,1,12,0.12,300
2026-02-26T15:55:35.291090+00:00,KXNBAGAME-26FEB28TORWAS-WAS,bid,0,13,0.13,500
2026-02-26T16:03:32.706164+00:00,KXNBAGAME-26FEB28TORWAS-WAS,ask,0,1,0.01,11461
2026-02-26T16:03:32.706164+00:00,KXNBAGAME-26FEB28TORWAS-WAS,ask,1,2,0.02,4500
2026-02-26T16:03:32.706164+00:00,KXNBAGAME-26FEB28TORWAS-WAS,ask,2,3,0.03,500
2026-02-26T16:03:32.706164+00:00,KXNBAGAME-26FEB28TORWAS-WAS,ask,3,5,0.05,638
2026-02-26T16:03:32.706164+00:00,KXNBAGAME-26FEB28TORWAS-WAS,ask,4,9,0.09,12
2026-02-26T16:03:32.706164+00:00,KXNBAGAME-26FEB28TORWAS-WAS,ask,5,12,0.12,500
2026-02-26T16:03:32.706164+00:00,KXNBAGAME-26FEB28TORWAS-WAS,ask,6,13,0.13,500
2026-02-26T16:03:32.706164+00:00,KXNBAGAME-26FEB28TORWAS-WAS,ask,7,14,0.14,580
2026-02-26T16:03:32.706164+00:00,KXNBAGAME-26FEB28TORWAS-WAS,ask,8,15,0.15,529
2026-02-26T16:03:32.706164+00:00,KXNBAGAME-26FEB28TORWAS-WAS,ask,9,16,0.16,20
2026-02-26T16:03:32.706164+00:00,KXNBAGAME-26FEB28TORWAS-WAS,ask,10,19,0.19,124
2026-02-26T16:03:32.706164+00:00,KXNBAGAME-26FEB28TORWAS-WAS,ask,11,25,0.25,26
2026-02-26T16:03:32.706164+00:00,KXNBAGAME-26FEB28TORWAS-WAS,ask,12,35,0.35,19
2026-02-26T16:03:32.706164+00:00,KXNBAGAME-26FEB28TORWAS-WAS,ask,13,36,0.36,1028
2026-02-26T16:03:32.706164+00:00,KXNBAGAME-26FEB28TORWAS-WAS,ask,14,68,0.68,2000
2026-02-26T16:03:32.706164+00:00,KXNBAGAME-26FEB28TORWAS-WAS,ask,15,74,0.74,992
2026-02-26T16:03:32.706164+00:00,KXNBAGAME-26FEB28TORWAS-WAS,ask,16,75,0.75,79
2026-02-26T16:03:32.706164+00:00,KXNBAGAME-26FEB28TORWAS-WAS,ask,17,76,0.76,125
2026-02-26T16:03:32.706164+00:00,KXNBAGAME-26FEB28TORWAS-WAS,bid,8,1,0.01,11000
2026-02-26T16:03:32.706164+00:00,KXNBAGAME-26FEB28TORWAS-WAS,bid,7,2,0.02,5518
2026-02-26T16:03:32.706164+00:00,KXNBAGAME-26FEB28TORWAS-WAS,bid,6,3,0.03,855
2026-02-26T16:03:32.706164+00:00,KXNBAGAME-26FEB28TORWAS-WAS,bid,5,5,0.05,500
2026-02-26T16:03:32.706164+00:00,KXNBAGAME-26FEB28TORWAS-WAS,bid,4,7,0.07,12000
2026-02-26T16:03:32.706164+00:00,KXNBAGAME-26FEB28TORWAS-WAS,bid,3,8,0.08,624
2026-02-26T16:03:32.706164+00:00,KXNBAGAME-26FEB28TORWAS-WAS,bid,2,11,0.11,500
2026-02-26T16:03:32.706164+00:00,KXNBAGAME-26FEB28TORWAS-WAS,bid,1,12,0.12,300
2026-02-26T16:03:32.706164+00:00,KXNBAGAME-26FEB28TORWAS-WAS,bid,0,13,0.13,500
2026-02-26T16:11:29.653260+00:00,KXNBAGAME-26FEB28TORWAS-WAS,ask,0,1,0.01,11461
2026-02-26T16:11:29.653260+00:00,KXNBAGAME-26FEB28TORWAS-WAS,ask,1,2,0.02,4500
2026-02-26T16:11:29.653260+00:00,KXNBAGAME-26FEB28TORWAS-WAS,ask,2,3,0.03,500
2026-02-26T16:11:29.653260+00:00,KXNBAGAME-26FEB28TORWAS-WAS,ask,3,5,0.05,638
2026-02-26T16:11:29.653260+00:00,KXNBAGAME-26FEB28TORWAS-WAS,ask,4,9,0.09,12
2026-02-26T16:11:29.653260+00:00,KXNBAGAME-26FEB28TORWAS-WAS,ask,5,12,0.12,500
2026-02-26T16:11:29.653260+00:00,KXNBAGAME-26FEB28TORWAS-WAS,ask,6,13,0.13,500
2026-02-26T16:11:29.653260+00:00,KXNBAGAME-26FEB28TORWAS-WAS,ask,7,14,0.14,580
2026-02-26T16:11:29.653260+00:00,KXNBAGAME-26FEB28TORWAS-WAS,ask,8,15,0.15,529
2026-02-26T16:11:29.653260+00:00,KXNBAGAME-26FEB28TORWAS-WAS,ask,9,16,0.16,20
2026-02-26T16:11:29.653260+00:00,KXNBAGAME-26FEB28TORWAS-WAS,ask,10,19,0.19,124
2026-02-26T16:11:29.653260+00:00,KXNBAGAME-26FEB28TORWAS-WAS,ask,11,25,0.25,26
2026-02-26T16:11:29.653260+00:00,KXNBAGAME-26FEB28TORWAS-WAS,ask,12,35,0.35,19
2026-02-26T16:11:29.653260+00:00,KXNBAGAME-26FEB28TORWAS-WAS,ask,13,36,0.36,1028
2026-02-26T16:11:29.653260+00:00,KXNBAGAME-26FEB28TORWAS-WAS,ask,14,68,0.68,2000
2026-02-26T16:11:29.653260+00:00,KXNBAGAME-26FEB28TORWAS-WAS,ask,15,74,0.74,664
2026-02-26T16:11:29.653260+00:00,KXNBAGAME-26FEB28TORWAS-WAS,ask,16,75,0.75,139
2026-02-26T16:11:29.653260+00:00,KXNBAGAME-26FEB28TORWAS-WAS,ask,17,76,0.76,154
2026-02-26T16:11:29.653260+00:00,KXNBAGAME-26FEB28TORWAS-WAS,bid,9,1,0.01,11000
2026-02-26T16:11:29.653260+00:00,KXNBAGAME-26FEB28TORWAS-WAS,bid,8,2,0.02,5518
2026-02-26T16:11:29.653260+00:00,KXNBAGAME-26FEB28TORWAS-WAS,bid,7,3,0.03,855
2026-02-26T16:11:29.653260+00:00,KXNBAGAME-26FEB28TORWAS-WAS,bid,6,5,0.05,500
2026-02-26T16:11:29.653260+00:00,KXNBAGAME-26FEB28TORWAS-WAS,bid,5,7,0.07,12000
2026-02-26T16:11:29.653260+00:00,KXNBAGAME-26FEB28TORWAS-WAS,bid,4,8,0.08,624
2026-02-26T16:11:29.653260+00:00,KXNBAGAME-26FEB28TORWAS-WAS,bid,3,11,0.11,500
2026-02-26T16:11:29.653260+00:00,KXNBAGAME-26FEB28TORWAS-WAS,bid,2,12,0.12,300
2026-02-26T16:11:29.653260+00:00,KXNBAGAME-26FEB28TORWAS-WAS,bid,1,13,0.13,675
2026-02-26T16:11:29.653260+00:00,KXNBAGAME-26FEB28TORWAS-WAS,bid,0,14,0.14,100
2026-02-26T16:19:27.415879+00:00,KXNBAGAME-26FEB28TORWAS-WAS,ask,0,1,0.01,11461
2026-02-26T16:19:27.415879+00:00,KXNBAGAME-26FEB28TORWAS-WAS,ask,1,2,0.02,4500
2026-02-26T16:19:27.415879+00:00,KXNBAGAME-26FEB28TORWAS-WAS,ask,2,3,0.03,500
2026-02-26T16:19:27.415879+00:00,KXNBAGAME-26FEB28TORWAS-WAS,ask,3,5,0.05,841
2026-02-26T16:19:27.415879+00:00,KXNBAGAME-26FEB28TORWAS-WAS,ask,4,9,0.09,12
2026-02-26T16:19:27.415879+00:00,KXNBAGAME-26FEB28TORWAS-WAS,ask,5,12,0.12,500
2026-02-26T16:19:27.415879+00:00,KXNBAGAME-26FEB28TORWAS-WAS,ask,6,13,0.13,500
2026-02-26T16:19:27.415879+00:00,KXNBAGAME-26FEB28TORWAS-WAS,ask,7,14,0.14,580
2026-02-26T16:19:27.415879+00:00,KXNBAGAME-26FEB28TORWAS-WAS,ask,8,15,0.15,596
2026-02-26T16:19:27.415879+00:00,KXNBAGAME-26FEB28TORWAS-WAS,ask,9,16,0.16,20
2026-02-26T16:19:27.415879+00:00,KXNBAGAME-26FEB28TORWAS-WAS,ask,10,19,0.19,124
2026-02-26T16:19:27.415879+00:00,KXNBAGAME-26FEB28TORWAS-WAS,ask,11,25,0.25,66
2026-02-26T16:19:27.415879+00:00,KXNBAGAME-26FEB28TORWAS-WAS,ask,12,35,0.35,48
2026-02-26T16:19:27.415879+00:00,KXNBAGAME-26FEB28TORWAS-WAS,ask,13,36,0.36,1028
2026-02-26T16:19:27.415879+00:00,KXNBAGAME-26FEB28TORWAS-WAS,ask,14,68,0.68,2000
2026-02-26T16:19:27.415879+00:00,KXNBAGAME-26FEB28TORWAS-WAS,ask,15,74,0.74,1111
2026-02-26T16:19:27.415879+00:00,KXNBAGAME-26FEB28TORWAS-WAS,ask,16,75,0.75,139
2026-02-26T16:19:27.415879+00:00,KXNBAGAME-26FEB28TORWAS-WAS,ask,17,76,0.76,154
2026-02-26T16:19:27.415879+00:00,KXNBAGAME-26FEB28TORWAS-WAS,bid,9,1,0.01,11000
2026-02-26T16:19:27.415879+00:00,KXNBAGAME-26FEB28TORWAS-WAS,bid,8,2,0.02,5518
2026-02-26T16:19:27.415879+00:00,KXNBAGAME-26FEB28TORWAS-WAS,bid,7,3,0.03,855
2026-02-26T16:19:27.415879+00:00,KXNBAGAME-26FEB28TORWAS-WAS,bid,6,5,0.05,500
2026-02-26T16:19:27.415879+00:00,KXNBAGAME-26FEB28TORWAS-WAS,bid,5,7,0.07,12000
2026-02-26T16:19:27.415879+00:00,KXNBAGAME-26FEB28TORWAS-WAS,bid,4,8,0.08,624
2026-02-26T16:19:27.415879+00:00,KXNBAGAME-26FEB28TORWAS-WAS,bid,3,11,0.11,500
2026-02-26T16:19:27.415879+00:00,KXNBAGAME-26FEB28TORWAS-WAS,bid,2,12,0.12,300
2026-02-26T16:19:27.415879+00:00,KXNBAGAME-26FEB28TORWAS-WAS,bid,1,13,0.13,675
2026-02-26T16:19:27.415879+00:00,KXNBAGAME-26FEB28TORWAS-WAS,bid,0,14,0.14,100
2026-02-26T16:27:39.941019+00:00,KXNBAGAME-26FEB28TORWAS-WAS,ask,0,1,0.01,11461
2026-02-26T16:27:39.941019+00:00,KXNBAGAME-26FEB28TORWAS-WAS,ask,1,2,0.02,4500
2026-02-26T16:27:39.941019+00:00,KXNBAGAME-26FEB28TORWAS-WAS,ask,2,3,0.03,500
2026-02-26T16:27:39.941019+00:00,KXNBAGAME-26FEB28TORWAS-WAS,ask,3,5,0.05,841
2026-02-26T16:27:39.941019+00:00,KXNBAGAME-26FEB28TORWAS-WAS,ask,4,9,0.09,12
2026-02-26T16:27:39.941019+00:00,KXNBAGAME-26FEB28TORWAS-WAS,ask,5,12,0.12,500
2026-02-26T16:27:39.941019+00:00,KXNBAGAME-26FEB28TORWAS-WAS,ask,6,13,0.13,500
2026-02-26T16:27:39.941019+00:00,KXNBAGAME-26FEB28TORWAS-WAS,ask,7,14,0.14,580
2026-02-26T16:27:39.941019+00:00,KXNBAGAME-26FEB28TORWAS-WAS,ask,8,15,0.15,596
2026-02-26T16:27:39.941019+00:00,KXNBAGAME-26FEB28TORWAS-WAS,ask,9,16,0.16,20
2026-02-26T16:27:39.941019+00:00,KXNBAGAME-26FEB28TORWAS-WAS,ask,10,19,0.19,124
2026-02-26T16:27:39.941019+00:00,KXNBAGAME-26FEB28TORWAS-WAS,ask,11,25,0.25,66
2026-02-26T16:27:39.941019+00:00,KXNBAGAME-26FEB28TORWAS-WAS,ask,12,35,0.35,48
2026-02-26T16:27:39.941019+00:00,KXNBAGAME-26FEB28TORWAS-WAS,ask,13,36,0.36,1028
2026-02-26T16:27:39.941019+00:00,KXNBAGAME-26FEB28TORWAS-WAS,ask,14,68,0.68,2000
2026-02-26T16:27:39.941019+00:00,KXNBAGAME-26FEB28TORWAS-WAS,ask,15,74,0.74,1111
2026-02-26T16:27:39.941019+00:00,KXNBAGAME-26FEB28TORWAS-WAS,ask,16,75,0.75,139
2026-02-26T16:27:39.941019+00:00,KXNBAGAME-26FEB28TORWAS-WAS,ask,17,76,0.76,154
2026-02-26T16:27:39.941019+00:00,KXNBAGAME-26FEB28TORWAS-WAS,ask,18,77,0.77,77
2026-02-26T16:27:39.941019+00:00,KXNBAGAME-26FEB28TORWAS-WAS,bid,9,1,0.01,11000
2026-02-26T16:27:39.941019+00:00,KXNBAGAME-26FEB28TORWAS-WAS,bid,8,2,0.02,5518
2026-02-26T16:27:39.941019+00:00,KXNBAGAME-26FEB28TORWAS-WAS,bid,7,3,0.03,855
2026-02-26T16:27:39.941019+00:00,KXNBAGAME-26FEB28TORWAS-WAS,bid,6,5,0.05,500
2026-02-26T16:27:39.941019+00:00,KXNBAGAME-26FEB28TORWAS-WAS,bid,5,7,0.07,12000
2026-02-26T16:27:39.941019+00:00,KXNBAGAME-26FEB28TORWAS-WAS,bid,4,8,0.08,624
2026-02-26T16:27:39.941019+00:00,KXNBAGAME-26FEB28TORWAS-WAS,bid,3,11,0.11,500
2026-02-26T16:27:39.941019+00:00,KXNBAGAME-26FEB28TORWAS-WAS,bid,2,12,0.12,300
2026-02-26T16:27:39.941019+00:00,KXNBAGAME-26FEB28TORWAS-WAS,bid,1,13,0.13,675
2026-02-26T16:27:39.941019+00:00,KXNBAGAME-26FEB28TORWAS-WAS,bid,0,14,0.14,100
2026-02-26T16:35:54.453016+00:00,KXNBAGAME-26FEB28TORWAS-WAS,ask,0,1,0.01,11461
2026-02-26T16:35:54.453016+00:00,KXNBAGAME-26FEB28TORWAS-WAS,ask,1,2,0.02,4500
2026-02-26T16:35:54.453016+00:00,KXNBAGAME-26FEB28TORWAS-WAS,ask,2,3,0.03,500
2026-02-26T16:35:54.453016+00:00,KXNBAGAME-26FEB28TORWAS-WAS,ask,3,5,0.05,841
2026-02-26T16:35:54.453016+00:00,KXNBAGAME-26FEB28TORWAS-WAS,ask,4,9,0.09,12
2026-02-26T16:35:54.453016+00:00,KXNBAGAME-26FEB28TORWAS-WAS,ask,5,12,0.12,500
2026-02-26T16:35:54.453016+00:00,KXNBAGAME-26FEB28TORWAS-WAS,ask,6,13,0.13,500
2026-02-26T16:35:54.453016+00:00,KXNBAGAME-26FEB28TORWAS-WAS,ask,7,14,0.14,580
2026-02-26T16:35:54.453016+00:00,KXNBAGAME-26FEB28TORWAS-WAS,ask,8,15,0.15,596
2026-02-26T16:35:54.453016+00:00,KXNBAGAME-26FEB28TORWAS-WAS,ask,9,16,0.16,20
2026-02-26T16:35:54.453016+00:00,KXNBAGAME-26FEB28TORWAS-WAS,ask,10,19,0.19,124
2026-02-26T16:35:54.453016+00:00,KXNBAGAME-26FEB28TORWAS-WAS,ask,11,25,0.25,66
2026-02-26T16:35:54.453016+00:00,KXNBAGAME-26FEB28TORWAS-WAS,ask,12,35,0.35,48
2026-02-26T16:35:54.453016+00:00,KXNBAGAME-26FEB28TORWAS-WAS,ask,13,36,0.36,1028
2026-02-26T16:35:54.453016+00:00,KXNBAGAME-26FEB28TORWAS-WAS,ask,14,68,0.68,2000
2026-02-26T16:35:54.453016+00:00,KXNBAGAME-26FEB28TORWAS-WAS,ask,15,74,0.74,1111
2026-02-26T16:35:54.453016+00:00,KXNBAGAME-26FEB28TORWAS-WAS,ask,16,75,0.75,139
2026-02-26T16:35:54.453016+00:00,KXNBAGAME-26FEB28TORWAS-WAS,ask,17,76,0.76,29
2026-02-26T16:35:54.453016+00:00,KXNBAGAME-26FEB28TORWAS-WAS,ask,18,77,0.77,125
2026-02-26T16:35:54.453016+00:00,KXNBAGAME-26FEB28TORWAS-WAS,bid,9,1,0.01,11000
2026-02-26T16:35:54.453016+00:00,KXNBAGAME-26FEB28TORWAS-WAS,bid,8,2,0.02,5518
2026-02-26T16:35:54.453016+00:00,KXNBAGAME-26FEB28TORWAS-WAS,bid,7,3,0.03,855
2026-02-26T16:35:54.453016+00:00,KXNBAGAME-26FEB28TORWAS-WAS,bid,6,5,0.05,500
2026-02-26T16:35:54.453016+00:00,KXNBAGAME-26FEB28TORWAS-WAS,bid,5,7,0.07,12000
2026-02-26T16:35:54.453016+00:00,KXNBAGAME-26FEB28TORWAS-WAS,bid,4,8,0.08,624
2026-02-26T16:35:54.453016+00:00,KXNBAGAME-26FEB28TORWAS-WAS,bid,3,11,0.11,500
2026-02-26T16:35:54.453016+00:00,KXNBAGAME-26FEB28TORWAS-WAS,bid,2,12,0.12,300
2026-02-26T16:35:54.453016+00:00,KXNBAGAME-26FEB28TORWAS-WAS,bid,1,13,0.13,675
2026-02-26T16:35:54.453016+00:00,KXNBAGAME-26FEB28TORWAS-WAS,bid,0,14,0.14,100
2026-02-26T16:44:09.988138+00:00,KXNBAGAME-26FEB28TORWAS-WAS,ask,0,1,0.01,11461
2026-02-26T16:44:09.988138+00:00,KXNBAGAME-26FEB28TORWAS-WAS,ask,1,2,0.02,4500
2026-02-26T16:44:09.988138+00:00,KXNBAGAME-26FEB28TORWAS-WAS,ask,2,3,0.03,500
2026-02-26T16:44:09.988138+00:00,KXNBAGAME-26FEB28TORWAS-WAS,ask,3,5,0.05,841
2026-02-26T16:44:09.988138+00:00,KXNBAGAME-26FEB28TORWAS-WAS,ask,4,9,0.09,12
2026-02-26T16:44:09.988138+00:00,KXNBAGAME-26FEB28TORWAS-WAS,ask,5,12,0.12,500
2026-02-26T16:44:09.988138+00:00,KXNBAGAME-26FEB28TORWAS-WAS,ask,6,13,0.13,500
2026-02-26T16:44:09.988138+00:00,KXNBAGAME-26FEB28TORWAS-WAS,ask,7,14,0.14,580
2026-02-26T16:44:09.988138+00:00,KXNBAGAME-26FEB28TORWAS-WAS,ask,8,15,0.15,596
2026-02-26T16:44:09.988138+00:00,KXNBAGAME-26FEB28TORWAS-WAS,ask,9,16,0.16,20
2026-02-26T16:44:09.988138+00:00,KXNBAGAME-26FEB28TORWAS-WAS,ask,10,19,0.19,124
2026-02-26T16:44:09.988138+00:00,KXNBAGAME-26FEB28TORWAS-WAS,ask,11,25,0.25,66
2026-02-26T16:44:09.988138+00:00,KXNBAGAME-26FEB28TORWAS-WAS,ask,12,35,0.35,48
2026-02-26T16:44:09.988138+00:00,KXNBAGAME-26FEB28TORWAS-WAS,ask,13,36,0.36,1028
2026-02-26T16:44:09.988138+00:00,KXNBAGAME-26FEB28TORWAS-WAS,ask,14,68,0.68,2000
2026-02-26T16:44:09.988138+00:00,KXNBAGAME-26FEB28TORWAS-WAS,ask,15,74,0.74,1111
2026-02-26T16:44:09.988138+00:00,KXNBAGAME-26FEB28TORWAS-WAS,ask,16,75,0.75,139
2026-02-26T16:44:09.988138+00:00,KXNBAGAME-26FEB28TORWAS-WAS,ask,17,76,0.76,29
2026-02-26T16:44:09.988138+00:00,KXNBAGAME-26FEB28TORWAS-WAS,ask,18,77,0.77,125
2026-02-26T16:44:09.988138+00:00,KXNBAGAME-26FEB28TORWAS-WAS,bid,9,1,0.01,11000
2026-02-26T16:44:09.988138+00:00,KXNBAGAME-26FEB28TORWAS-WAS,bid,8,2,0.02,5518
2026-02-26T16:44:09.988138+00:00,KXNBAGAME-26FEB28TORWAS-WAS,bid,7,3,0.03,855
2026-02-26T16:44:09.988138+00:00,KXNBAGAME-26FEB28TORWAS-WAS,bid,6,5,0.05,500
2026-02-26T16:44:09.988138+00:00,KXNBAGAME-26FEB28TORWAS-WAS,bid,5,7,0.07,12000
2026-02-26T16:44:09.988138+00:00,KXNBAGAME-26FEB28TORWAS-WAS,bid,4,8,0.08,624
2026-02-26T16:44:09.988138+00:00,KXNBAGAME-26FEB28TORWAS-WAS,bid,3,11,0.11,500
2026-02-26T16:44:09.988138+00:00,KXNBAGAME-26FEB28TORWAS-WAS,bid,2,12,0.12,300
2026-02-26T16:44:09.988138+00:00,KXNBAGAME-26FEB28TORWAS-WAS,bid,1,13,0.13,675
2026-02-26T16:44:09.988138+00:00,KXNBAGAME-26FEB28TORWAS-WAS,bid,0,14,0.14,100
2026-02-26T16:52:25.203473+00:00,KXNBAGAME-26FEB28TORWAS-WAS,ask,0,1,0.01,11461
2026-02-26T16:52:25.203473+00:00,KXNBAGAME-26FEB28TORWAS-WAS,ask,1,2,0.02,4500
2026-02-26T16:52:25.203473+00:00,KXNBAGAME-26FEB28TORWAS-WAS,ask,2,3,0.03,500
2026-02-26T16:52:25.203473+00:00,KXNBAGAME-26FEB28TORWAS-WAS,ask,3,5,0.05,841
2026-02-26T16:52:25.203473+00:00,KXNBAGAME-26FEB28TORWAS-WAS,ask,4,9,0.09,12
2026-02-26T16:52:25.203473+00:00,KXNBAGAME-26FEB28TORWAS-WAS,ask,5,12,0.12,500
2026-02-26T16:52:25.203473+00:00,KXNBAGAME-26FEB28TORWAS-WAS,ask,6,13,0.13,500
2026-02-26T16:52:25.203473+00:00,KXNBAGAME-26FEB28TORWAS-WAS,ask,7,14,0.14,580
2026-02-26T16:52:25.203473+00:00,KXNBAGAME-26FEB28TORWAS-WAS,ask,8,15,0.15,596
2026-02-26T16:52:25.203473+00:00,KXNBAGAME-26FEB28TORWAS-WAS,ask,9,16,0.16,20
2026-02-26T16:52:25.203473+00:00,KXNBAGAME-26FEB28TORWAS-WAS,ask,10,19,0.19,124
2026-02-26T16:52:25.203473+00:00,KXNBAGAME-26FEB28TORWAS-WAS,ask,11,25,0.25,66
2026-02-26T16:52:25.203473+00:00,KXNBAGAME-26FEB28TORWAS-WAS,ask,12,35,0.35,48
2026-02-26T16:52:25.203473+00:00,KXNBAGAME-26FEB28TORWAS-WAS,ask,13,36,0.36,1028
2026-02-26T16:52:25.203473+00:00,KXNBAGAME-26FEB28TORWAS-WAS,ask,14,68,0.68,2000
2026-02-26T16:52:25.203473+00:00,KXNBAGAME-26FEB28TORWAS-WAS,ask,15,74,0.74,1111
2026-02-26T16:52:25.203473+00:00,KXNBAGAME-26FEB28TORWAS-WAS,ask,16,75,0.75,106
2026-02-26T16:52:25.203473+00:00,KXNBAGAME-26FEB28TORWAS-WAS,ask,17,76,0.76,29
2026-02-26T16:52:25.203473+00:00,KXNBAGAME-26FEB28TORWAS-WAS,ask,18,77,0.77,125
2026-02-26T16:52:25.203473+00:00,KXNBAGAME-26FEB28TORWAS-WAS,bid,9,1,0.01,11000
2026-02-26T16:52:25.203473+00:00,KXNBAGAME-26FEB28TORWAS-WAS,bid,8,2,0.02,5518
2026-02-26T16:52:25.203473+00:00,KXNBAGAME-26FEB28TORWAS-WAS,bid,7,3,0.03,855
2026-02-26T16:52:25.203473+00:00,KXNBAGAME-26FEB28TORWAS-WAS,bid,6,5,0.05,500
2026-02-26T16:52:25.203473+00:00,KXNBAGAME-26FEB28TORWAS-WAS,bid,5,7,0.07,12000
2026-02-26T16:52:25.203473+00:00,KXNBAGAME-26FEB28TORWAS-WAS,bid,4,8,0.08,624
2026-02-26T16:52:25.203473+00:00,KXNBAGAME-26FEB28TORWAS-WAS,bid,3,11,0.11,500
2026-02-26T16:52:25.203473+00:00,KXNBAGAME-26FEB28TORWAS-WAS,bid,2,12,0.12,300
2026-02-26T16:52:25.203473+00:00,KXNBAGAME-26FEB28TORWAS-WAS,bid,1,13,0.13,675
2026-02-26T16:52:25.203473+00:00,KXNBAGAME-26FEB28TORWAS-WAS,bid,0,14,0.14,100
2026-02-26T17:00:41.539951+00:00,KXNBAGAME-26FEB28TORWAS-WAS,ask,0,1,0.01,11461
2026-02-26T17:00:41.539951+00:00,KXNBAGAME-26FEB28TORWAS-WAS,ask,1,2,0.02,4500
2026-02-26T17:00:41.539951+00:00,KXNBAGAME-26FEB28TORWAS-WAS,ask,2,3,0.03,50500
2026-02-26T17:00:41.539951+00:00,KXNBAGAME-26FEB28TORWAS-WAS,ask,3,5,0.05,841
2026-02-26T17:00:41.539951+00:00,KXNBAGAME-26FEB28TORWAS-WAS,ask,4,9,0.09,12
2026-02-26T17:00:41.539951+00:00,KXNBAGAME-26FEB28TORWAS-WAS,ask,5,12,0.12,500
2026-02-26T17:00:41.539951+00:00,KXNBAGAME-26FEB28TORWAS-WAS,ask,6,13,0.13,500
2026-02-26T17:00:41.539951+00:00,KXNBAGAME-26FEB28TORWAS-WAS,ask,7,14,0.14,580
2026-02-26T17:00:41.539951+00:00,KXNBAGAME-26FEB28TORWAS-WAS,ask,8,15,0.15,596
2026-02-26T17:00:41.539951+00:00,KXNBAGAME-26FEB28TORWAS-WAS,ask,9,16,0.16,20
2026-02-26T17:00:41.539951+00:00,KXNBAGAME-26FEB28TORWAS-WAS,ask,10,19,0.19,124
2026-02-26T17:00:41.539951+00:00,KXNBAGAME-26FEB28TORWAS-WAS,ask,11,25,0.25,66
2026-02-26T17:00:41.539951+00:00,KXNBAGAME-26FEB28TORWAS-WAS,ask,12,35,0.35,48
2026-02-26T17:00:41.539951+00:00,KXNBAGAME-26FEB28TORWAS-WAS,ask,13,36,0.36,1028
2026-02-26T17:00:41.539951+00:00,KXNBAGAME-26FEB28TORWAS-WAS,ask,14,68,0.68,2000
2026-02-26T17:00:41.539951+00:00,KXNBAGAME-26FEB28TORWAS-WAS,ask,15,74,0.74,1111
2026-02-26T17:00:41.539951+00:00,KXNBAGAME-26FEB28TORWAS-WAS,ask,16,75,0.75,106
2026-02-26T17:00:41.539951+00:00,KXNBAGAME-26FEB28TORWAS-WAS,ask,17,76,0.76,29
2026-02-26T17:00:41.539951+00:00,KXNBAGAME-26FEB28TORWAS-WAS,ask,18,77,0.77,125
2026-02-26T17:00:41.539951+00:00,KXNBAGAME-26FEB28TORWAS-WAS,bid,9,1,0.01,11000
2026-02-26T17:00:41.539951+00:00,KXNBAGAME-26FEB28TORWAS-WAS,bid,8,2,0.02,5518
2026-02-26T17:00:41.539951+00:00,KXNBAGAME-26FEB28TORWAS-WAS,bid,7,3,0.03,50855
2026-02-26T17:00:41.539951+00:00,KXNBAGAME-26FEB28TORWAS-WAS,bid,6,5,0.05,500
2026-02-26T17:00:41.539951+00:00,KXNBAGAME-26FEB28TORWAS-WAS,bid,5,7,0.07,12000
2026-02-26T17:00:41.539951+00:00,KXNBAGAME-26FEB28TORWAS-WAS,bid,4,8,0.08,15624
2026-02-26T17:00:41.539951+00:00,KXNBAGAME-26FEB28TORWAS-WAS,bid,3,11,0.11,500
2026-02-26T17:00:41.539951+00:00,KXNBAGAME-26FEB28TORWAS-WAS,bid,2,12,0.12,300
2026-02-26T17:00:41.539951+00:00,KXNBAGAME-26FEB28TORWAS-WAS,bid,1,13,0.13,675
2026-02-26T17:00:41.539951+00:00,KXNBAGAME-26FEB28TORWAS-WAS,bid,0,14,0.14,100
2026-02-26T17:08:57.967297+00:00,KXNBAGAME-26FEB28TORWAS-WAS,ask,0,1,0.01,11461
2026-02-26T17:08:57.967297+00:00,KXNBAGAME-26FEB28TORWAS-WAS,ask,1,2,0.02,4500
2026-02-26T17:08:57.967297+00:00,KXNBAGAME-26FEB28TORWAS-WAS,ask,2,3,0.03,50500
2026-02-26T17:08:57.967297+00:00,KXNBAGAME-26FEB28TORWAS-WAS,ask,3,5,0.05,841
2026-02-26T17:08:57.967297+00:00,KXNBAGAME-26FEB28TORWAS-WAS,ask,4,9,0.09,12
2026-02-26T17:08:57.967297+00:00,KXNBAGAME-26FEB28TORWAS-WAS,ask,5,12,0.12,500
2026-02-26T17:08:57.967297+00:00,KXNBAGAME-26FEB28TORWAS-WAS,ask,6,13,0.13,500
2026-02-26T17:08:57.967297+00:00,KXNBAGAME-26FEB28TORWAS-WAS,ask,7,14,0.14,580
2026-02-26T17:08:57.967297+00:00,KXNBAGAME-26FEB28TORWAS-WAS,ask,8,15,0.15,596
2026-02-26T17:08:57.967297+00:00,KXNBAGAME-26FEB28TORWAS-WAS,ask,9,16,0.16,20
2026-02-26T17:08:57.967297+00:00,KXNBAGAME-26FEB28TORWAS-WAS,ask,10,19,0.19,124
2026-02-26T17:08:57.967297+00:00,KXNBAGAME-26FEB28TORWAS-WAS,ask,11,25,0.25,66
2026-02-26T17:08:57.967297+00:00,KXNBAGAME-26FEB28TORWAS-WAS,ask,12,35,0.35,48
2026-02-26T17:08:57.967297+00:00,KXNBAGAME-26FEB28TORWAS-WAS,ask,13,36,0.36,1028
2026-02-26T17:08:57.967297+00:00,KXNBAGAME-26FEB28TORWAS-WAS,ask,14,68,0.68,2000
2026-02-26T17:08:57.967297+00:00,KXNBAGAME-26FEB28TORWAS-WAS,ask,15,74,0.74,1111
2026-02-26T17:08:57.967297+00:00,KXNBAGAME-26FEB28TORWAS-WAS,ask,16,75,0.75,46
2026-02-26T17:08:57.967297+00:00,KXNBAGAME-26FEB28TORWAS-WAS,ask,17,77,0.77,125
2026-02-26T17:08:57.967297+00:00,KXNBAGAME-26FEB28TORWAS-WAS,bid,9,1,0.01,11000
2026-02-26T17:08:57.967297+00:00,KXNBAGAME-26FEB28TORWAS-WAS,bid,8,2,0.02,5518
2026-02-26T17:08:57.967297+00:00,KXNBAGAME-26FEB28TORWAS-WAS,bid,7,3,0.03,50855
2026-02-26T17:08:57.967297+00:00,KXNBAGAME-26FEB28TORWAS-WAS,bid,6,5,0.05,500
2026-02-26T17:08:57.967297+00:00,KXNBAGAME-26FEB28TORWAS-WAS,bid,5,7,0.07,12000
2026-02-26T17:08:57.967297+00:00,KXNBAGAME-26FEB28TORWAS-WAS,bid,4,8,0.08,15624
2026-02-26T17:08:57.967297+00:00,KXNBAGAME-26FEB28TORWAS-WAS,bid,3,11,0.11,500
2026-02-26T17:08:57.967297+00:00,KXNBAGAME-26FEB28TORWAS-WAS,bid,2,12,0.12,300
2026-02-26T17:08:57.967297+00:00,KXNBAGAME-26FEB28TORWAS-WAS,bid,1,13,0.13,675
2026-02-26T17:08:57.967297+00:00,KXNBAGAME-26FEB28TORWAS-WAS,bid,0,14,0.14,100
2026-02-26T17:17:13.528329+00:00,KXNBAGAME-26FEB28TORWAS-WAS,ask,0,1,0.01,12461
2026-02-26T17:17:13.528329+00:00,KXNBAGAME-26FEB28TORWAS-WAS,ask,1,2,0.02,5100
2026-02-26T17:17:13.528329+00:00,KXNBAGAME-26FEB28TORWAS-WAS,ask,2,3,0.03,50700
2026-02-26T17:17:13.528329+00:00,KXNBAGAME-26FEB28TORWAS-WAS,ask,3,5,0.05,841
2026-02-26T17:17:13.528329+00:00,KXNBAGAME-26FEB28TORWAS-WAS,ask,4,9,0.09,12
2026-02-26T17:17:13.528329+00:00,KXNBAGAME-26FEB28TORWAS-WAS,ask,5,12,0.12,500
2026-02-26T17:17:13.528329+00:00,KXNBAGAME-26FEB28TORWAS-WAS,ask,6,13,0.13,500
2026-02-26T17:17:13.528329+00:00,KXNBAGAME-26FEB28TORWAS-WAS,ask,7,14,0.14,580
2026-02-26T17:17:13.528329+00:00,KXNBAGAME-26FEB28TORWAS-WAS,ask,8,15,0.15,596
2026-02-26T17:17:13.528329+00:00,KXNBAGAME-26FEB28TORWAS-WAS,ask,9,16,0.16,20
2026-02-26T17:17:13.528329+00:00,KXNBAGAME-26FEB28TORWAS-WAS,ask,10,19,0.19,124
2026-02-26T17:17:13.528329+00:00,KXNBAGAME-26FEB28TORWAS-WAS,ask,11,25,0.25,66
2026-02-26T17:17:13.528329+00:00,KXNBAGAME-26FEB28TORWAS-WAS,ask,12,35,0.35,48
2026-02-26T17:17:13.528329+00:00,KXNBAGAME-26FEB28TORWAS-WAS,ask,13,36,0.36,1028
2026-02-26T17:17:13.528329+00:00,KXNBAGAME-26FEB28TORWAS-WAS,ask,14,54,0.54,203
2026-02-26T17:17:13.528329+00:00,KXNBAGAME-26FEB28TORWAS-WAS,ask,15,55,0.55,186
2026-02-26T17:17:13.528329+00:00,KXNBAGAME-26FEB28TORWAS-WAS,ask,16,56,0.56,178
2026-02-26T17:17:13.528329+00:00,KXNBAGAME-26FEB28TORWAS-WAS,ask,17,57,0.57,163
2026-02-26T17:17:13.528329+00:00,KXNBAGAME-26FEB28TORWAS-WAS,ask,18,58,0.58,135
2026-02-26T17:17:13.528329+00:00,KXNBAGAME-26FEB28TORWAS-WAS,ask,19,59,0.59,103
2026-02-26T17:17:13.528329+00:00,KXNBAGAME-26FEB28TORWAS-WAS,ask,20,68,0.68,2000
2026-02-26T17:17:13.528329+00:00,KXNBAGAME-26FEB28TORWAS-WAS,ask,21,74,0.74,1111
2026-02-26T17:17:13.528329+00:00,KXNBAGAME-26FEB28TORWAS-WAS,ask,22,75,0.75,106
2026-02-26T17:17:13.528329+00:00,KXNBAGAME-26FEB28TORWAS-WAS,ask,23,76,0.76,154
2026-02-26T17:17:13.528329+00:00,KXNBAGAME-26FEB28TORWAS-WAS,bid,9,1,0.01,12000
2026-02-26T17:17:13.528329+00:00,KXNBAGAME-26FEB28TORWAS-WAS,bid,8,2,0.02,6118
2026-02-26T17:17:13.528329+00:00,KXNBAGAME-26FEB28TORWAS-WAS,bid,7,3,0.03,51055
2026-02-26T17:17:13.528329+00:00,KXNBAGAME-26FEB28TORWAS-WAS,bid,6,5,0.05,500
2026-02-26T17:17:13.528329+00:00,KXNBAGAME-26FEB28TORWAS-WAS,bid,5,7,0.07,12000
2026-02-26T17:17:13.528329+00:00,KXNBAGAME-26FEB28TORWAS-WAS,bid,4,8,0.08,15624
2026-02-26T17:17:13.528329+00:00,KXNBAGAME-26FEB28TORWAS-WAS,bid,3,11,0.11,500
2026-02-26T17:17:13.528329+00:00,KXNBAGAME-26FEB28TORWAS-WAS,bid,2,12,0.12,300
2026-02-26T17:17:13.528329+00:00,KXNBAGAME-26FEB28TORWAS-WAS,bid,1,13,0.13,675
2026-02-26T17:17:13.528329+00:00,KXNBAGAME-26FEB28TORWAS-WAS,bid,0,14,0.14,100
2026-02-26T17:25:28.884700+00:00,KXNBAGAME-26FEB28TORWAS-WAS,ask,0,1,0.01,12461
2026-02-26T17:25:28.884700+00:00,KXNBAGAME-26FEB28TORWAS-WAS,ask,1,2,0.02,5100
2026-02-26T17:25:28.884700+00:00,KXNBAGAME-26FEB28TORWAS-WAS,ask,2,3,0.03,50700
2026-02-26T17:25:28.884700+00:00,KXNBAGAME-26FEB28TORWAS-WAS,ask,3,5,0.05,841
2026-02-26T17:25:28.884700+00:00,KXNBAGAME-26FEB28TORWAS-WAS,ask,4,9,0.09,12
2026-02-26T17:25:28.884700+00:00,KXNBAGAME-26FEB28TORWAS-WAS,ask,5,12,0.12,500
2026-02-26T17:25:28.884700+00:00,KXNBAGAME-26FEB28TORWAS-WAS,ask,6,13,0.13,500
2026-02-26T17:25:28.884700+00:00,KXNBAGAME-26FEB28TORWAS-WAS,ask,7,14,0.14,580
2026-02-26T17:25:28.884700+00:00,KXNBAGAME-26FEB28TORWAS-WAS,ask,8,15,0.15,596
2026-02-26T17:25:28.884700+00:00,KXNBAGAME-26FEB28TORWAS-WAS,ask,9,16,0.16,20
2026-02-26T17:25:28.884700+00:00,KXNBAGAME-26FEB28TORWAS-WAS,ask,10,19,0.19,124
2026-02-26T17:25:28.884700+00:00,KXNBAGAME-26FEB28TORWAS-WAS,ask,11,25,0.25,66
2026-02-26T17:25:28.884700+00:00,KXNBAGAME-26FEB28TORWAS-WAS,ask,12,35,0.35,48
2026-02-26T17:25:28.884700+00:00,KXNBAGAME-26FEB28TORWAS-WAS,ask,13,36,0.36,1028
2026-02-26T17:25:28.884700+00:00,KXNBAGAME-26FEB28TORWAS-WAS,ask,14,54,0.54,203
2026-02-26T17:25:28.884700+00:00,KXNBAGAME-26FEB28TORWAS-WAS,ask,15,55,0.55,186
2026-02-26T17:25:28.884700+00:00,KXNBAGAME-26FEB28TORWAS-WAS,ask,16,56,0.56,178
2026-02-26T17:25:28.884700+00:00,KXNBAGAME-26FEB28TORWAS-WAS,ask,17,57,0.57,163
2026-02-26T17:25:28.884700+00:00,KXNBAGAME-26FEB28TORWAS-WAS,ask,18,58,0.58,135
2026-02-26T17:25:28.884700+00:00,KXNBAGAME-26FEB28TORWAS-WAS,ask,19,59,0.59,103
2026-02-26T17:25:28.884700+00:00,KXNBAGAME-26FEB28TORWAS-WAS,ask,20,68,0.68,2000
2026-02-26T17:25:28.884700+00:00,KXNBAGAME-26FEB28TORWAS-WAS,ask,21,74,0.74,1111
2026-02-26T17:25:28.884700+00:00,KXNBAGAME-26FEB28TORWAS-WAS,ask,22,75,0.75,106
2026-02-26T17:25:28.884700+00:00,KXNBAGAME-26FEB28TORWAS-WAS,ask,23,76,0.76,154
2026-02-26T17:25:28.884700+00:00,KXNBAGAME-26FEB28TORWAS-WAS,bid,9,1,0.01,12000
2026-02-26T17:25:28.884700+00:00,KXNBAGAME-26FEB28TORWAS-WAS,bid,8,2,0.02,6118
2026-02-26T17:25:28.884700+00:00,KXNBAGAME-26FEB28TORWAS-WAS,bid,7,3,0.03,51055
2026-02-26T17:25:28.884700+00:00,KXNBAGAME-26FEB28TORWAS-WAS,bid,6,5,0.05,500
2026-02-26T17:25:28.884700+00:00,KXNBAGAME-26FEB28TORWAS-WAS,bid,5,7,0.07,12000
2026-02-26T17:25:28.884700+00:00,KXNBAGAME-26FEB28TORWAS-WAS,bid,4,8,0.08,15624
2026-02-26T17:25:28.884700+00:00,KXNBAGAME-26FEB28TORWAS-WAS,bid,3,11,0.11,500
2026-02-26T17:25:28.884700+00:00,KXNBAGAME-26FEB28TORWAS-WAS,bid,2,12,0.12,300
2026-02-26T17:25:28.884700+00:00,KXNBAGAME-26FEB28TORWAS-WAS,bid,1,13,0.13,675
2026-02-26T17:25:28.884700+00:00,KXNBAGAME-26FEB28TORWAS-WAS,bid,0,14,0.14,100
2026-02-26T17:34:01.445622+00:00,KXNBAGAME-26FEB28TORWAS-WAS,ask,0,1,0.01,12461
2026-02-26T17:34:01.445622+00:00,KXNBAGAME-26FEB28TORWAS-WAS,ask,1,2,0.02,5100
2026-02-26T17:34:01.445622+00:00,KXNBAGAME-26FEB28TORWAS-WAS,ask,2,3,0.03,50700
2026-02-26T17:34:01.445622+00:00,KXNBAGAME-26FEB28TORWAS-WAS,ask,3,5,0.05,841
2026-02-26T17:34:01.445622+00:00,KXNBAGAME-26FEB28TORWAS-WAS,ask,4,9,0.09,12
2026-02-26T17:34:01.445622+00:00,KXNBAGAME-26FEB28TORWAS-WAS,ask,5,12,0.12,500
2026-02-26T17:34:01.445622+00:00,KXNBAGAME-26FEB28TORWAS-WAS,ask,6,13,0.13,500
2026-02-26T17:34:01.445622+00:00,KXNBAGAME-26FEB28TORWAS-WAS,ask,7,14,0.14,580
2026-02-26T17:34:01.445622+00:00,KXNBAGAME-26FEB28TORWAS-WAS,ask,8,15,0.15,596
2026-02-26T17:34:01.445622+00:00,KXNBAGAME-26FEB28TORWAS-WAS,ask,9,16,0.16,20
2026-02-26T17:34:01.445622+00:00,KXNBAGAME-26FEB28TORWAS-WAS,ask,10,19,0.19,124
2026-02-26T17:34:01.445622+00:00,KXNBAGAME-26FEB28TORWAS-WAS,ask,11,25,0.25,66
2026-02-26T17:34:01.445622+00:00,KXNBAGAME-26FEB28TORWAS-WAS,ask,12,35,0.35,48
2026-02-26T17:34:01.445622+00:00,KXNBAGAME-26FEB28TORWAS-WAS,ask,13,36,0.36,1028
2026-02-26T17:34:01.445622+00:00,KXNBAGAME-26FEB28TORWAS-WAS,ask,14,54,0.54,203
2026-02-26T17:34:01.445622+00:00,KXNBAGAME-26FEB28TORWAS-WAS,ask,15,55,0.55,186
2026-02-26T17:34:01.445622+00:00,KXNBAGAME-26FEB28TORWAS-WAS,ask,16,56,0.56,178
2026-02-26T17:34:01.445622+00:00,KXNBAGAME-26FEB28TORWAS-WAS,ask,17,57,0.57,163
2026-02-26T17:34:01.445622+00:00,KXNBAGAME-26FEB28TORWAS-WAS,ask,18,58,0.58,135
2026-02-26T17:34:01.445622+00:00,KXNBAGAME-26FEB28TORWAS-WAS,ask,19,59,0.59,103
2026-02-26T17:34:01.445622+00:00,KXNBAGAME-26FEB28TORWAS-WAS,ask,20,68,0.68,2000
2026-02-26T17:34:01.445622+00:00,KXNBAGAME-26FEB28TORWAS-WAS,ask,21,74,0.74,1111
2026-02-26T17:34:01.445622+00:00,KXNBAGAME-26FEB28TORWAS-WAS,ask,22,75,0.75,106
2026-02-26T17:34:01.445622+00:00,KXNBAGAME-26FEB28TORWAS-WAS,ask,23,76,0.76,154
2026-02-26T17:34:01.445622+00:00,KXNBAGAME-26FEB28TORWAS-WAS,bid,9,1,0.01,12000
2026-02-26T17:34:01.445622+00:00,KXNBAGAME-26FEB28TORWAS-WAS,bid,8,2,0.02,6118
2026-02-26T17:34:01.445622+00:00,KXNBAGAME-26FEB28TORWAS-WAS,bid,7,3,0.03,51055
2026-02-26T17:34:01.445622+00:00,KXNBAGAME-26FEB28TORWAS-WAS,bid,6,5,0.05,500
2026-02-26T17:34:01.445622+00:00,KXNBAGAME-26FEB28TORWAS-WAS,bid,5,7,0.07,12000
2026-02-26T17:34:01.445622+00:00,KXNBAGAME-26FEB28TORWAS-WAS,bid,4,8,0.08,15624
2026-02-26T17:34:01.445622+00:00,KXNBAGAME-26FEB28TORWAS-WAS,bid,3,11,0.11,500
2026-02-26T17:34:01.445622+00:00,KXNBAGAME-26FEB28TORWAS-WAS,bid,2,12,0.12,300
2026-02-26T17:34:01.445622+00:00,KXNBAGAME-26FEB28TORWAS-WAS,bid,1,13,0.13,675
2026-02-26T17:34:01.445622+00:00,KXNBAGAME-26FEB28TORWAS-WAS,bid,0,14,0.14,100
2026-02-26T17:42:34.062867+00:00,KXNBAGAME-26FEB28TORWAS-WAS,ask,0,1,0.01,12461
2026-02-26T17:42:34.062867+00:00,KXNBAGAME-26FEB28TORWAS-WAS,ask,1,2,0.02,5100
2026-02-26T17:42:34.062867+00:00,KXNBAGAME-26FEB28TORWAS-WAS,ask,2,3,0.03,50700
2026-02-26T17:42:34.062867+00:00,KXNBAGAME-26FEB28TORWAS-WAS,ask,3,5,0.05,841
2026-02-26T17:42:34.062867+00:00,KXNBAGAME-26FEB28TORWAS-WAS,ask,4,9,0.09,12
2026-02-26T17:42:34.062867+00:00,KXNBAGAME-26FEB28TORWAS-WAS,ask,5,12,0.12,500
2026-02-26T17:42:34.062867+00:00,KXNBAGAME-26FEB28TORWAS-WAS,ask,6,13,0.13,500
2026-02-26T17:42:34.062867+00:00,KXNBAGAME-26FEB28TORWAS-WAS,ask,7,14,0.14,580
2026-02-26T17:42:34.062867+00:00,KXNBAGAME-26FEB28TORWAS-WAS,ask,8,15,0.15,596
2026-02-26T17:42:34.062867+00:00,KXNBAGAME-26FEB28TORWAS-WAS,ask,9,16,0.16,20
2026-02-26T17:42:34.062867+00:00,KXNBAGAME-26FEB28TORWAS-WAS,ask,10,19,0.19,124
2026-02-26T17:42:34.062867+00:00,KXNBAGAME-26FEB28TORWAS-WAS,ask,11,25,0.25,66
2026-02-26T17:42:34.062867+00:00,KXNBAGAME-26FEB28TORWAS-WAS,ask,12,35,0.35,48
2026-02-26T17:42:34.062867+00:00,KXNBAGAME-26FEB28TORWAS-WAS,ask,13,36,0.36,1028
2026-02-26T17:42:34.062867+00:00,KXNBAGAME-26FEB28TORWAS-WAS,ask,14,54,0.54,203
2026-02-26T17:42:34.062867+00:00,KXNBAGAME-26FEB28TORWAS-WAS,ask,15,55,0.55,186
2026-02-26T17:42:34.062867+00:00,KXNBAGAME-26FEB28TORWAS-WAS,ask,16,56,0.56,178
2026-02-26T17:42:34.062867+00:00,KXNBAGAME-26FEB28TORWAS-WAS,ask,17,57,0.57,163
2026-02-26T17:42:34.062867+00:00,KXNBAGAME-26FEB28TORWAS-WAS,ask,18,58,0.58,135
2026-02-26T17:42:34.062867+00:00,KXNBAGAME-26FEB28TORWAS-WAS,ask,19,59,0.59,103
2026-02-26T17:42:34.062867+00:00,KXNBAGAME-26FEB28TORWAS-WAS,ask,20,68,0.68,2000
2026-02-26T17:42:34.062867+00:00,KXNBAGAME-26FEB28TORWAS-WAS,ask,21,74,0.74,1111
2026-02-26T17:42:34.062867+00:00,KXNBAGAME-26FEB28TORWAS-WAS,ask,22,75,0.75,106
2026-02-26T17:42:34.062867+00:00,KXNBAGAME-26FEB28TORWAS-WAS,ask,23,76,0.76,154
2026-02-26T17:42:34.062867+00:00,KXNBAGAME-26FEB28TORWAS-WAS,bid,9,1,0.01,12000
2026-02-26T17:42:34.062867+00:00,KXNBAGAME-26FEB28TORWAS-WAS,bid,8,2,0.02,6118
2026-02-26T17:42:34.062867+00:00,KXNBAGAME-26FEB28TORWAS-WAS,bid,7,3,0.03,51055
2026-02-26T17:42:34.062867+00:00,KXNBAGAME-26FEB28TORWAS-WAS,bid,6,5,0.05,500
2026-02-26T17:42:34.062867+00:00,KXNBAGAME-26FEB28TORWAS-WAS,bid,5,7,0.07,12000
2026-02-26T17:42:34.062867+00:00,KXNBAGAME-26FEB28TORWAS-WAS,bid,4,8,0.08,15624
2026-02-26T17:42:34.062867+00:00,KXNBAGAME-26FEB28TORWAS-WAS,bid,3,11,0.11,500
2026-02-26T17:42:34.062867+00:00,KXNBAGAME-26FEB28TORWAS-WAS,bid,2,12,0.12,300
2026-02-26T17:42:34.062867+00:00,KXNBAGAME-26FEB28TORWAS-WAS,bid,1,13,0.13,675
2026-02-26T17:42:34.062867+00:00,KXNBAGAME-26FEB28TORWAS-WAS,bid,0,14,0.14,100
2026-02-26T17:51:06.297666+00:00,KXNBAGAME-26FEB28TORWAS-WAS,ask,0,1,0.01,12461
2026-02-26T17:51:06.297666+00:00,KXNBAGAME-26FEB28TORWAS-WAS,ask,1,2,0.02,5100
2026-02-26T17:51:06.297666+00:00,KXNBAGAME-26FEB28TORWAS-WAS,ask,2,3,0.03,50700
2026-02-26T17:51:06.297666+00:00,KXNBAGAME-26FEB28TORWAS-WAS,ask,3,5,0.05,841
2026-02-26T17:51:06.297666+00:00,KXNBAGAME-26FEB28TORWAS-WAS,ask,4,9,0.09,12
2026-02-26T17:51:06.297666+00:00,KXNBAGAME-26FEB28TORWAS-WAS,ask,5,12,0.12,500
2026-02-26T17:51:06.297666+00:00,KXNBAGAME-26FEB28TORWAS-WAS,ask,6,13,0.13,500
2026-02-26T17:51:06.297666+00:00,KXNBAGAME-26FEB28TORWAS-WAS,ask,7,14,0.14,580
2026-02-26T17:51:06.297666+00:00,KXNBAGAME-26FEB28TORWAS-WAS,ask,8,15,0.15,596
2026-02-26T17:51:06.297666+00:00,KXNBAGAME-26FEB28TORWAS-WAS,ask,9,16,0.16,20
2026-02-26T17:51:06.297666+00:00,KXNBAGAME-26FEB28TORWAS-WAS,ask,10,19,0.19,124
2026-02-26T17:51:06.297666+00:00,KXNBAGAME-26FEB28TORWAS-WAS,ask,11,25,0.25,66
2026-02-26T17:51:06.297666+00:00,KXNBAGAME-26FEB28TORWAS-WAS,ask,12,35,0.35,48
2026-02-26T17:51:06.297666+00:00,KXNBAGAME-26FEB28TORWAS-WAS,ask,13,36,0.36,1028
2026-02-26T17:51:06.297666+00:00,KXNBAGAME-26FEB28TORWAS-WAS,ask,14,54,0.54,203
2026-02-26T17:51:06.297666+00:00,KXNBAGAME-26FEB28TORWAS-WAS,ask,15,55,0.55,186
2026-02-26T17:51:06.297666+00:00,KXNBAGAME-26FEB28TORWAS-WAS,ask,16,56,0.56,178
2026-02-26T17:51:06.297666+00:00,KXNBAGAME-26FEB28TORWAS-WAS,ask,17,57,0.57,163
2026-02-26T17:51:06.297666+00:00,KXNBAGAME-26FEB28TORWAS-WAS,ask,18,58,0.58,135
2026-02-26T17:51:06.297666+00:00,KXNBAGAME-26FEB28TORWAS-WAS,ask,19,59,0.59,103
2026-02-26T17:51:06.297666+00:00,KXNBAGAME-26FEB28TORWAS-WAS,ask,20,68,0.68,2000
2026-02-26T17:51:06.297666+00:00,KXNBAGAME-26FEB28TORWAS-WAS,ask,21,74,0.74,1111
2026-02-26T17:51:06.297666+00:00,KXNBAGAME-26FEB28TORWAS-WAS,ask,22,75,0.75,106
2026-02-26T17:51:06.297666+00:00,KXNBAGAME-26FEB28TORWAS-WAS,ask,23,76,0.76,154
2026-02-26T17:51:06.297666+00:00,KXNBAGAME-26FEB28TORWAS-WAS,bid,9,1,0.01,12000
2026-02-26T17:51:06.297666+00:00,KXNBAGAME-26FEB28TORWAS-WAS,bid,8,2,0.02,6118
2026-02-26T17:51:06.297666+00:00,KXNBAGAME-26FEB28TORWAS-WAS,bid,7,3,0.03,51055
2026-02-26T17:51:06.297666+00:00,KXNBAGAME-26FEB28TORWAS-WAS,bid,6,5,0.05,500
2026-02-26T17:51:06.297666+00:00,KXNBAGAME-26FEB28TORWAS-WAS,bid,5,7,0.07,12000
2026-02-26T17:51:06.297666+00:00,KXNBAGAME-26FEB28TORWAS-WAS,bid,4,8,0.08,15624
2026-02-26T17:51:06.297666+00:00,KXNBAGAME-26FEB28TORWAS-WAS,bid,3,11,0.11,500
2026-02-26T17:51:06.297666+00:00,KXNBAGAME-26FEB28TORWAS-WAS,bid,2,12,0.12,300
2026-02-26T17:51:06.297666+00:00,KXNBAGAME-26FEB28TORWAS-WAS,bid,1,13,0.13,675
2026-02-26T17:51:06.297666+00:00,KXNBAGAME-26FEB28TORWAS-WAS,bid,0,14,0.14,100
2026-02-26T17:59:39.405056+00:00,KXNBAGAME-26FEB28TORWAS-WAS,ask,0,1,0.01,12461
2026-02-26T17:59:39.405056+00:00,KXNBAGAME-26FEB28TORWAS-WAS,ask,1,2,0.02,5100
2026-02-26T17:59:39.405056+00:00,KXNBAGAME-26FEB28TORWAS-WAS,ask,2,3,0.03,50700
2026-02-26T17:59:39.405056+00:00,KXNBAGAME-26FEB28TORWAS-WAS,ask,3,5,0.05,841
2026-02-26T17:59:39.405056+00:00,KXNBAGAME-26FEB28TORWAS-WAS,ask,4,9,0.09,12
2026-02-26T17:59:39.405056+00:00,KXNBAGAME-26FEB28TORWAS-WAS,ask,5,12,0.12,500
2026-02-26T17:59:39.405056+00:00,KXNBAGAME-26FEB28TORWAS-WAS,ask,6,13,0.13,500
2026-02-26T17:59:39.405056+00:00,KXNBAGAME-26FEB28TORWAS-WAS,ask,7,14,0.14,580
2026-02-26T17:59:39.405056+00:00,KXNBAGAME-26FEB28TORWAS-WAS,ask,8,15,0.15,596
2026-02-26T17:59:39.405056+00:00,KXNBAGAME-26FEB28TORWAS-WAS,ask,9,16,0.16,20
2026-02-26T17:59:39.405056+00:00,KXNBAGAME-26FEB28TORWAS-WAS,ask,10,19,0.19,124
2026-02-26T17:59:39.405056+00:00,KXNBAGAME-26FEB28TORWAS-WAS,ask,11,25,0.25,66
2026-02-26T17:59:39.405056+00:00,KXNBAGAME-26FEB28TORWAS-WAS,ask,12,35,0.35,48
2026-02-26T17:59:39.405056+00:00,KXNBAGAME-26FEB28TORWAS-WAS,ask,13,36,0.36,1028
2026-02-26T17:59:39.405056+00:00,KXNBAGAME-26FEB28TORWAS-WAS,ask,14,54,0.54,203
2026-02-26T17:59:39.405056+00:00,KXNBAGAME-26FEB28TORWAS-WAS,ask,15,55,0.55,186
2026-02-26T17:59:39.405056+00:00,KXNBAGAME-26FEB28TORWAS-WAS,ask,16,56,0.56,178
2026-02-26T17:59:39.405056+00:00,KXNBAGAME-26FEB28TORWAS-WAS,ask,17,57,0.57,163
2026-02-26T17:59:39.405056+00:00,KXNBAGAME-26FEB28TORWAS-WAS,ask,18,58,0.58,135
2026-02-26T17:59:39.405056+00:00,KXNBAGAME-26FEB28TORWAS-WAS,ask,19,59,0.59,103
2026-02-26T17:59:39.405056+00:00,KXNBAGAME-26FEB28TORWAS-WAS,ask,20,68,0.68,2000
2026-02-26T17:59:39.405056+00:00,KXNBAGAME-26FEB28TORWAS-WAS,ask,21,74,0.74,1111
2026-02-26T17:59:39.405056+00:00,KXNBAGAME-26FEB28TORWAS-WAS,ask,22,75,0.75,106
2026-02-26T17:59:39.405056+00:00,KXNBAGAME-26FEB28TORWAS-WAS,ask,23,76,0.76,154
2026-02-26T17:59:39.405056+00:00,KXNBAGAME-26FEB28TORWAS-WAS,bid,9,1,0.01,12000
2026-02-26T17:59:39.405056+00:00,KXNBAGAME-26FEB28TORWAS-WAS,bid,8,2,0.02,6118
2026-02-26T17:59:39.405056+00:00,KXNBAGAME-26FEB28TORWAS-WAS,bid,7,3,0.03,51055
2026-02-26T17:59:39.405056+00:00,KXNBAGAME-26FEB28TORWAS-WAS,bid,6,5,0.05,500
2026-02-26T17:59:39.405056+00:00,KXNBAGAME-26FEB28TORWAS-WAS,bid,5,7,0.07,12000
2026-02-26T17:59:39.405056+00:00,KXNBAGAME-26FEB28TORWAS-WAS,bid,4,8,0.08,15624
2026-02-26T17:59:39.405056+00:00,KXNBAGAME-26FEB28TORWAS-WAS,bid,3,11,0.11,500
2026-02-26T17:59:39.405056+00:00,KXNBAGAME-26FEB28TORWAS-WAS,bid,2,12,0.12,300
2026-02-26T17:59:39.405056+00:00,KXNBAGAME-26FEB28TORWAS-WAS,bid,1,13,0.13,675
2026-02-26T17:59:39.405056+00:00,KXNBAGAME-26FEB28TORWAS-WAS,bid,0,14,0.14,100
2026-02-26T18:08:13.360109+00:00,KXNBAGAME-26FEB28TORWAS-WAS,ask,0,1,0.01,12461
2026-02-26T18:08:13.360109+00:00,KXNBAGAME-26FEB28TORWAS-WAS,ask,1,2,0.02,5100
2026-02-26T18:08:13.360109+00:00,KXNBAGAME-26FEB28TORWAS-WAS,ask,2,3,0.03,50700
2026-02-26T18:08:13.360109+00:00,KXNBAGAME-26FEB28TORWAS-WAS,ask,3,5,0.05,841
2026-02-26T18:08:13.360109+00:00,KXNBAGAME-26FEB28TORWAS-WAS,ask,4,9,0.09,12
2026-02-26T18:08:13.360109+00:00,KXNBAGAME-26FEB28TORWAS-WAS,ask,5,12,0.12,500
2026-02-26T18:08:13.360109+00:00,KXNBAGAME-26FEB28TORWAS-WAS,ask,6,13,0.13,500
2026-02-26T18:08:13.360109+00:00,KXNBAGAME-26FEB28TORWAS-WAS,ask,7,14,0.14,580
2026-02-26T18:08:13.360109+00:00,KXNBAGAME-26FEB28TORWAS-WAS,ask,8,15,0.15,596
2026-02-26T18:08:13.360109+00:00,KXNBAGAME-26FEB28TORWAS-WAS,ask,9,16,0.16,20
2026-02-26T18:08:13.360109+00:00,KXNBAGAME-26FEB28TORWAS-WAS,ask,10,19,0.19,124
2026-02-26T18:08:13.360109+00:00,KXNBAGAME-26FEB28TORWAS-WAS,ask,11,25,0.25,66
2026-02-26T18:08:13.360109+00:00,KXNBAGAME-26FEB28TORWAS-WAS,ask,12,35,0.35,48
2026-02-26T18:08:13.360109+00:00,KXNBAGAME-26FEB28TORWAS-WAS,ask,13,36,0.36,1028
2026-02-26T18:08:13.360109+00:00,KXNBAGAME-26FEB28TORWAS-WAS,ask,14,54,0.54,203
2026-02-26T18:08:13.360109+00:00,KXNBAGAME-26FEB28TORWAS-WAS,ask,15,55,0.55,186
2026-02-26T18:08:13.360109+00:00,KXNBAGAME-26FEB28TORWAS-WAS,ask,16,56,0.56,178
2026-02-26T18:08:13.360109+00:00,KXNBAGAME-26FEB28TORWAS-WAS,ask,17,57,0.57,163
2026-02-26T18:08:13.360109+00:00,KXNBAGAME-26FEB28TORWAS-WAS,ask,18,58,0.58,135
2026-02-26T18:08:13.360109+00:00,KXNBAGAME-26FEB28TORWAS-WAS,ask,19,59,0.59,103
2026-02-26T18:08:13.360109+00:00,KXNBAGAME-26FEB28TORWAS-WAS,ask,20,68,0.68,2000
2026-02-26T18:08:13.360109+00:00,KXNBAGAME-26FEB28TORWAS-WAS,ask,21,74,0.74,1111
2026-02-26T18:08:13.360109+00:00,KXNBAGAME-26FEB28TORWAS-WAS,ask,22,75,0.75,106
2026-02-26T18:08:13.360109+00:00,KXNBAGAME-26FEB28TORWAS-WAS,ask,23,76,0.76,154
2026-02-26T18:08:13.360109+00:00,KXNBAGAME-26FEB28TORWAS-WAS,bid,9,1,0.01,12000
2026-02-26T18:08:13.360109+00:00,KXNBAGAME-26FEB28TORWAS-WAS,bid,8,2,0.02,6118
2026-02-26T18:08:13.360109+00:00,KXNBAGAME-26FEB28TORWAS-WAS,bid,7,3,0.03,51055
2026-02-26T18:08:13.360109+00:00,KXNBAGAME-26FEB28TORWAS-WAS,bid,6,5,0.05,500
2026-02-26T18:08:13.360109+00:00,KXNBAGAME-26FEB28TORWAS-WAS,bid,5,7,0.07,12000
2026-02-26T18:08:13.360109+00:00,KXNBAGAME-26FEB28TORWAS-WAS,bid,4,8,0.08,15624
2026-02-26T18:08:13.360109+00:00,KXNBAGAME-26FEB28TORWAS-WAS,bid,3,11,0.11,500
2026-02-26T18:08:13.360109+00:00,KXNBAGAME-26FEB28TORWAS-WAS,bid,2,12,0.12,300
2026-02-26T18:08:13.360109+00:00,KXNBAGAME-26FEB28TORWAS-WAS,bid,1,13,0.13,675
2026-02-26T18:08:13.360109+00:00,KXNBAGAME-26FEB28TORWAS-WAS,bid,0,14,0.14,100
2026-02-26T18:16:47.390256+00:00,KXNBAGAME-26FEB28TORWAS-WAS,ask,0,1,0.01,12461
2026-02-26T18:16:47.390256+00:00,KXNBAGAME-26FEB28TORWAS-WAS,ask,1,2,0.02,5100
2026-02-26T18:16:47.390256+00:00,KXNBAGAME-26FEB28TORWAS-WAS,ask,2,3,0.03,50700
2026-02-26T18:16:47.390256+00:00,KXNBAGAME-26FEB28TORWAS-WAS,ask,3,5,0.05,841
2026-02-26T18:16:47.390256+00:00,KXNBAGAME-26FEB28TORWAS-WAS,ask,4,9,0.09,12
2026-02-26T18:16:47.390256+00:00,KXNBAGAME-26FEB28TORWAS-WAS,ask,5,12,0.12,500
2026-02-26T18:16:47.390256+00:00,KXNBAGAME-26FEB28TORWAS-WAS,ask,6,13,0.13,500
2026-02-26T18:16:47.390256+00:00,KXNBAGAME-26FEB28TORWAS-WAS,ask,7,14,0.14,580
2026-02-26T18:16:47.390256+00:00,KXNBAGAME-26FEB28TORWAS-WAS,ask,8,15,0.15,596
2026-02-26T18:16:47.390256+00:00,KXNBAGAME-26FEB28TORWAS-WAS,ask,9,16,0.16,20
2026-02-26T18:16:47.390256+00:00,KXNBAGAME-26FEB28TORWAS-WAS,ask,10,19,0.19,124
2026-02-26T18:16:47.390256+00:00,KXNBAGAME-26FEB28TORWAS-WAS,ask,11,25,0.25,66
2026-02-26T18:16:47.390256+00:00,KXNBAGAME-26FEB28TORWAS-WAS,ask,12,35,0.35,48
2026-02-26T18:16:47.390256+00:00,KXNBAGAME-26FEB28TORWAS-WAS,ask,13,36,0.36,1028
2026-02-26T18:16:47.390256+00:00,KXNBAGAME-26FEB28TORWAS-WAS,ask,14,54,0.54,203
2026-02-26T18:16:47.390256+00:00,KXNBAGAME-26FEB28TORWAS-WAS,ask,15,55,0.55,186
2026-02-26T18:16:47.390256+00:00,KXNBAGAME-26FEB28TORWAS-WAS,ask,16,56,0.56,178
2026-02-26T18:16:47.390256+00:00,KXNBAGAME-26FEB28TORWAS-WAS,ask,17,57,0.57,163
2026-02-26T18:16:47.390256+00:00,KXNBAGAME-26FEB28TORWAS-WAS,ask,18,58,0.58,135
2026-02-26T18:16:47.390256+00:00,KXNBAGAME-26FEB28TORWAS-WAS,ask,19,59,0.59,103
2026-02-26T18:16:47.390256+00:00,KXNBAGAME-26FEB28TORWAS-WAS,ask,20,68,0.68,2000
2026-02-26T18:16:47.390256+00:00,KXNBAGAME-26FEB28TORWAS-WAS,ask,21,74,0.74,1111
2026-02-26T18:16:47.390256+00:00,KXNBAGAME-26FEB28TORWAS-WAS,ask,22,75,0.75,106
2026-02-26T18:16:47.390256+00:00,KXNBAGAME-26FEB28TORWAS-WAS,ask,23,76,0.76,154
2026-02-26T18:16:47.390256+00:00,KXNBAGAME-26FEB28TORWAS-WAS,bid,9,1,0.01,12000
2026-02-26T18:16:47.390256+00:00,KXNBAGAME-26FEB28TORWAS-WAS,bid,8,2,0.02,6118
2026-02-26T18:16:47.390256+00:00,KXNBAGAME-26FEB28TORWAS-WAS,bid,7,3,0.03,51055
2026-02-26T18:16:47.390256+00:00,KXNBAGAME-26FEB28TORWAS-WAS,bid,6,5,0.05,500
2026-02-26T18:16:47.390256+00:00,KXNBAGAME-26FEB28TORWAS-WAS,bid,5,7,0.07,12000
2026-02-26T18:16:47.390256+00:00,KXNBAGAME-26FEB28TORWAS-WAS,bid,4,8,0.08,15624
2026-02-26T18:16:47.390256+00:00,KXNBAGAME-26FEB28TORWAS-WAS,bid,3,11,0.11,500
2026-02-26T18:16:47.390256+00:00,KXNBAGAME-26FEB28TORWAS-WAS,bid,2,12,0.12,300
2026-02-26T18:16:47.390256+00:00,KXNBAGAME-26FEB28TORWAS-WAS,bid,1,13,0.13,675
2026-02-26T18:16:47.390256+00:00,KXNBAGAME-26FEB28TORWAS-WAS,bid,0,14,0.14,100
2026-02-26T18:25:20.262575+00:00,KXNBAGAME-26FEB28TORWAS-WAS,ask,0,1,0.01,12461
2026-02-26T18:25:20.262575+00:00,KXNBAGAME-26FEB28TORWAS-WAS,ask,1,2,0.02,5100
2026-02-26T18:25:20.262575+00:00,KXNBAGAME-26FEB28TORWAS-WAS,ask,2,3,0.03,50700
2026-02-26T18:25:20.262575+00:00,KXNBAGAME-26FEB28TORWAS-WAS,ask,3,5,0.05,841
2026-02-26T18:25:20.262575+00:00,KXNBAGAME-26FEB28TORWAS-WAS,ask,4,9,0.09,12
2026-02-26T18:25:20.262575+00:00,KXNBAGAME-26FEB28TORWAS-WAS,ask,5,12,0.12,500
2026-02-26T18:25:20.262575+00:00,KXNBAGAME-26FEB28TORWAS-WAS,ask,6,13,0.13,500
2026-02-26T18:25:20.262575+00:00,KXNBAGAME-26FEB28TORWAS-WAS,ask,7,14,0.14,580
2026-02-26T18:25:20.262575+00:00,KXNBAGAME-26FEB28TORWAS-WAS,ask,8,15,0.15,596
2026-02-26T18:25:20.262575+00:00,KXNBAGAME-26FEB28TORWAS-WAS,ask,9,16,0.16,20
2026-02-26T18:25:20.262575+00:00,KXNBAGAME-26FEB28TORWAS-WAS,ask,10,19,0.19,124
2026-02-26T18:25:20.262575+00:00,KXNBAGAME-26FEB28TORWAS-WAS,ask,11,25,0.25,66
2026-02-26T18:25:20.262575+00:00,KXNBAGAME-26FEB28TORWAS-WAS,ask,12,35,0.35,48
2026-02-26T18:25:20.262575+00:00,KXNBAGAME-26FEB28TORWAS-WAS,ask,13,36,0.36,1028
2026-02-26T18:25:20.262575+00:00,KXNBAGAME-26FEB28TORWAS-WAS,ask,14,54,0.54,203
2026-02-26T18:25:20.262575+00:00,KXNBAGAME-26FEB28TORWAS-WAS,ask,15,55,0.55,186
2026-02-26T18:25:20.262575+00:00,KXNBAGAME-26FEB28TORWAS-WAS,ask,16,56,0.56,178
2026-02-26T18:25:20.262575+00:00,KXNBAGAME-26FEB28TORWAS-WAS,ask,17,57,0.57,163
2026-02-26T18:25:20.262575+00:00,KXNBAGAME-26FEB28TORWAS-WAS,ask,18,58,0.58,135
2026-02-26T18:25:20.262575+00:00,KXNBAGAME-26FEB28TORWAS-WAS,ask,19,59,0.59,103
2026-02-26T18:25:20.262575+00:00,KXNBAGAME-26FEB28TORWAS-WAS,ask,20,68,0.68,2000
2026-02-26T18:25:20.262575+00:00,KXNBAGAME-26FEB28TORWAS-WAS,ask,21,74,0.74,1111
2026-02-26T18:25:20.262575+00:00,KXNBAGAME-26FEB28TORWAS-WAS,ask,22,75,0.75,106
2026-02-26T18:25:20.262575+00:00,KXNBAGAME-26FEB28TORWAS-WAS,ask,23,76,0.76,154
2026-02-26T18:25:20.262575+00:00,KXNBAGAME-26FEB28TORWAS-WAS,bid,9,1,0.01,12000
2026-02-26T18:25:20.262575+00:00,KXNBAGAME-26FEB28TORWAS-WAS,bid,8,2,0.02,6118
2026-02-26T18:25:20.262575+00:00,KXNBAGAME-26FEB28TORWAS-WAS,bid,7,3,0.03,51055
2026-02-26T18:25:20.262575+00:00,KXNBAGAME-26FEB28TORWAS-WAS,bid,6,5,0.05,500
2026-02-26T18:25:20.262575+00:00,KXNBAGAME-26FEB28TORWAS-WAS,bid,5,7,0.07,12000
2026-02-26T18:25:20.262575+00:00,KXNBAGAME-26FEB28TORWAS-WAS,bid,4,8,0.08,15624
2026-02-26T18:25:20.262575+00:00,KXNBAGAME-26FEB28TORWAS-WAS,bid,3,11,0.11,500
2026-02-26T18:25:20.262575+00:00,KXNBAGAME-26FEB28TORWAS-WAS,bid,2,12,0.12,300
2026-02-26T18:25:20.262575+00:00,KXNBAGAME-26FEB28TORWAS-WAS,bid,1,13,0.13,675
2026-02-26T18:25:20.262575+00:00,KXNBAGAME-26FEB28TORWAS-WAS,bid,0,14,0.14,100
2026-02-26T18:33:53.722736+00:00,KXNBAGAME-26FEB28TORWAS-WAS,ask,0,1,0.01,12461
2026-02-26T18:33:53.722736+00:00,KXNBAGAME-26FEB28TORWAS-WAS,ask,1,2,0.02,5100
2026-02-26T18:33:53.722736+00:00,KXNBAGAME-26FEB28TORWAS-WAS,ask,2,3,0.03,50700
2026-02-26T18:33:53.722736+00:00,KXNBAGAME-26FEB28TORWAS-WAS,ask,3,5,0.05,841
2026-02-26T18:33:53.722736+00:00,KXNBAGAME-26FEB28TORWAS-WAS,ask,4,9,0.09,12
2026-02-26T18:33:53.722736+00:00,KXNBAGAME-26FEB28TORWAS-WAS,ask,5,12,0.12,500
2026-02-26T18:33:53.722736+00:00,KXNBAGAME-26FEB28TORWAS-WAS,ask,6,13,0.13,500
2026-02-26T18:33:53.722736+00:00,KXNBAGAME-26FEB28TORWAS-WAS,ask,7,14,0.14,580
2026-02-26T18:33:53.722736+00:00,KXNBAGAME-26FEB28TORWAS-WAS,ask,8,15,0.15,596
2026-02-26T18:33:53.722736+00:00,KXNBAGAME-26FEB28TORWAS-WAS,ask,9,16,0.16,20
2026-02-26T18:33:53.722736+00:00,KXNBAGAME-26FEB28TORWAS-WAS,ask,10,19,0.19,124
2026-02-26T18:33:53.722736+00:00,KXNBAGAME-26FEB28TORWAS-WAS,ask,11,25,0.25,66
2026-02-26T18:33:53.722736+00:00,KXNBAGAME-26FEB28TORWAS-WAS,ask,12,35,0.35,48
2026-02-26T18:33:53.722736+00:00,KXNBAGAME-26FEB28TORWAS-WAS,ask,13,36,0.36,1028
2026-02-26T18:33:53.722736+00:00,KXNBAGAME-26FEB28TORWAS-WAS,ask,14,54,0.54,203
2026-02-26T18:33:53.722736+00:00,KXNBAGAME-26FEB28TORWAS-WAS,ask,15,55,0.55,186
2026-02-26T18:33:53.722736+00:00,KXNBAGAME-26FEB28TORWAS-WAS,ask,16,56,0.56,178
2026-02-26T18:33:53.722736+00:00,KXNBAGAME-26FEB28TORWAS-WAS,ask,17,57,0.57,163
2026-02-26T18:33:53.722736+00:00,KXNBAGAME-26FEB28TORWAS-WAS,ask,18,58,0.58,135
2026-02-26T18:33:53.722736+00:00,KXNBAGAME-26FEB28TORWAS-WAS,ask,19,59,0.59,103
2026-02-26T18:33:53.722736+00:00,KXNBAGAME-26FEB28TORWAS-WAS,ask,20,68,0.68,2000
2026-02-26T18:33:53.722736+00:00,KXNBAGAME-26FEB28TORWAS-WAS,ask,21,74,0.74,1111
2026-02-26T18:33:53.722736+00:00,KXNBAGAME-26FEB28TORWAS-WAS,ask,22,75,0.75,106
2026-02-26T18:33:53.722736+00:00,KXNBAGAME-26FEB28TORWAS-WAS,ask,23,76,0.76,154
2026-02-26T18:33:53.722736+00:00,KXNBAGAME-26FEB28TORWAS-WAS,bid,9,1,0.01,12000
2026-02-26T18:33:53.722736+00:00,KXNBAGAME-26FEB28TORWAS-WAS,bid,8,2,0.02,6118
2026-02-26T18:33:53.722736+00:00,KXNBAGAME-26FEB28TORWAS-WAS,bid,7,3,0.03,51055
2026-02-26T18:33:53.722736+00:00,KXNBAGAME-26FEB28TORWAS-WAS,bid,6,5,0.05,500
2026-02-26T18:33:53.722736+00:00,KXNBAGAME-26FEB28TORWAS-WAS,bid,5,7,0.07,12000
2026-02-26T18:33:53.722736+00:00,KXNBAGAME-26FEB28TORWAS-WAS,bid,4,8,0.08,15624
2026-02-26T18:33:53.722736+00:00,KXNBAGAME-26FEB28TORWAS-WAS,bid,3,11,0.11,500
2026-02-26T18:33:53.722736+00:00,KXNBAGAME-26FEB28TORWAS-WAS,bid,2,12,0.12,300
2026-02-26T18:33:53.722736+00:00,KXNBAGAME-26FEB28TORWAS-WAS,bid,1,13,0.13,675
2026-02-26T18:33:53.722736+00:00,KXNBAGAME-26FEB28TORWAS-WAS,bid,0,14,0.14,100
2026-02-26T18:42:27.586272+00:00,KXNBAGAME-26FEB28TORWAS-WAS,ask,0,1,0.01,12461
2026-02-26T18:42:27.586272+00:00,KXNBAGAME-26FEB28TORWAS-WAS,ask,1,2,0.02,5100
2026-02-26T18:42:27.586272+00:00,KXNBAGAME-26FEB28TORWAS-WAS,ask,2,3,0.03,50700
2026-02-26T18:42:27.586272+00:00,KXNBAGAME-26FEB28TORWAS-WAS,ask,3,5,0.05,841
2026-02-26T18:42:27.586272+00:00,KXNBAGAME-26FEB28TORWAS-WAS,ask,4,9,0.09,12
2026-02-26T18:42:27.586272+00:00,KXNBAGAME-26FEB28TORWAS-WAS,ask,5,12,0.12,500
2026-02-26T18:42:27.586272+00:00,KXNBAGAME-26FEB28TORWAS-WAS,ask,6,13,0.13,500
2026-02-26T18:42:27.586272+00:00,KXNBAGAME-26FEB28TORWAS-WAS,ask,7,14,0.14,580
2026-02-26T18:42:27.586272+00:00,KXNBAGAME-26FEB28TORWAS-WAS,ask,8,15,0.15,596
2026-02-26T18:42:27.586272+00:00,KXNBAGAME-26FEB28TORWAS-WAS,ask,9,16,0.16,20
2026-02-26T18:42:27.586272+00:00,KXNBAGAME-26FEB28TORWAS-WAS,ask,10,19,0.19,124
2026-02-26T18:42:27.586272+00:00,KXNBAGAME-26FEB28TORWAS-WAS,ask,11,25,0.25,66
2026-02-26T18:42:27.586272+00:00,KXNBAGAME-26FEB28TORWAS-WAS,ask,12,35,0.35,48
2026-02-26T18:42:27.586272+00:00,KXNBAGAME-26FEB28TORWAS-WAS,ask,13,36,0.36,1028
2026-02-26T18:42:27.586272+00:00,KXNBAGAME-26FEB28TORWAS-WAS,ask,14,54,0.54,203
2026-02-26T18:42:27.586272+00:00,KXNBAGAME-26FEB28TORWAS-WAS,ask,15,55,0.55,186
2026-02-26T18:42:27.586272+00:00,KXNBAGAME-26FEB28TORWAS-WAS,ask,16,56,0.56,178
2026-02-26T18:42:27.586272+00:00,KXNBAGAME-26FEB28TORWAS-WAS,ask,17,57,0.57,163
2026-02-26T18:42:27.586272+00:00,KXNBAGAME-26FEB28TORWAS-WAS,ask,18,58,0.58,135
2026-02-26T18:42:27.586272+00:00,KXNBAGAME-26FEB28TORWAS-WAS,ask,19,59,0.59,103
2026-02-26T18:42:27.586272+00:00,KXNBAGAME-26FEB28TORWAS-WAS,ask,20,68,0.68,2000
2026-02-26T18:42:27.586272+00:00,KXNBAGAME-26FEB28TORWAS-WAS,ask,21,74,0.74,1111
2026-02-26T18:42:27.586272+00:00,KXNBAGAME-26FEB28TORWAS-WAS,ask,22,75,0.75,106
2026-02-26T18:42:27.586272+00:00,KXNBAGAME-26FEB28TORWAS-WAS,ask,23,76,0.76,154
2026-02-26T18:42:27.586272+00:00,KXNBAGAME-26FEB28TORWAS-WAS,bid,9,1,0.01,12000
2026-02-26T18:42:27.586272+00:00,KXNBAGAME-26FEB28TORWAS-WAS,bid,8,2,0.02,6118
2026-02-26T18:42:27.586272+00:00,KXNBAGAME-26FEB28TORWAS-WAS,bid,7,3,0.03,51055
2026-02-26T18:42:27.586272+00:00,KXNBAGAME-26FEB28TORWAS-WAS,bid,6,5,0.05,500
2026-02-26T18:42:27.586272+00:00,KXNBAGAME-26FEB28TORWAS-WAS,bid,5,7,0.07,12000
2026-02-26T18:42:27.586272+00:00,KXNBAGAME-26FEB28TORWAS-WAS,bid,4,8,0.08,15624
2026-02-26T18:42:27.586272+00:00,KXNBAGAME-26FEB28TORWAS-WAS,bid,3,11,0.11,500
2026-02-26T18:42:27.586272+00:00,KXNBAGAME-26FEB28TORWAS-WAS,bid,2,12,0.12,300
2026-02-26T18:42:27.586272+00:00,KXNBAGAME-26FEB28TORWAS-WAS,bid,1,13,0.13,675
2026-02-26T18:42:27.586272+00:00,KXNBAGAME-26FEB28TORWAS-WAS,bid,0,14,0.14,100
2026-02-26T18:51:01.258480+00:00,KXNBAGAME-26FEB28TORWAS-WAS,ask,0,1,0.01,12461
2026-02-26T18:51:01.258480+00:00,KXNBAGAME-26FEB28TORWAS-WAS,ask,1,2,0.02,5100
2026-02-26T18:51:01.258480+00:00,KXNBAGAME-26FEB28TORWAS-WAS,ask,2,3,0.03,50700
2026-02-26T18:51:01.258480+00:00,KXNBAGAME-26FEB28TORWAS-WAS,ask,3,5,0.05,841
2026-02-26T18:51:01.258480+00:00,KXNBAGAME-26FEB28TORWAS-WAS,ask,4,9,0.09,12
2026-02-26T18:51:01.258480+00:00,KXNBAGAME-26FEB28TORWAS-WAS,ask,5,12,0.12,500
2026-02-26T18:51:01.258480+00:00,KXNBAGAME-26FEB28TORWAS-WAS,ask,6,13,0.13,500
2026-02-26T18:51:01.258480+00:00,KXNBAGAME-26FEB28TORWAS-WAS,ask,7,14,0.14,580
2026-02-26T18:51:01.258480+00:00,KXNBAGAME-26FEB28TORWAS-WAS,ask,8,15,0.15,596
2026-02-26T18:51:01.258480+00:00,KXNBAGAME-26FEB28TORWAS-WAS,ask,9,16,0.16,20
2026-02-26T18:51:01.258480+00:00,KXNBAGAME-26FEB28TORWAS-WAS,ask,10,19,0.19,124
2026-02-26T18:51:01.258480+00:00,KXNBAGAME-26FEB28TORWAS-WAS,ask,11,25,0.25,66
2026-02-26T18:51:01.258480+00:00,KXNBAGAME-26FEB28TORWAS-WAS,ask,12,35,0.35,48
2026-02-26T18:51:01.258480+00:00,KXNBAGAME-26FEB28TORWAS-WAS,ask,13,36,0.36,1028
2026-02-26T18:51:01.258480+00:00,KXNBAGAME-26FEB28TORWAS-WAS,ask,14,54,0.54,203
2026-02-26T18:51:01.258480+00:00,KXNBAGAME-26FEB28TORWAS-WAS,ask,15,55,0.55,186
2026-02-26T18:51:01.258480+00:00,KXNBAGAME-26FEB28TORWAS-WAS,ask,16,56,0.56,178
2026-02-26T18:51:01.258480+00:00,KXNBAGAME-26FEB28TORWAS-WAS,ask,17,57,0.57,163
2026-02-26T18:51:01.258480+00:00,KXNBAGAME-26FEB28TORWAS-WAS,ask,18,58,0.58,135
2026-02-26T18:51:01.258480+00:00,KXNBAGAME-26FEB28TORWAS-WAS,ask,19,59,0.59,103
2026-02-26T18:51:01.258480+00:00,KXNBAGAME-26FEB28TORWAS-WAS,ask,20,68,0.68,2000
2026-02-26T18:51:01.258480+00:00,KXNBAGAME-26FEB28TORWAS-WAS,ask,21,74,0.74,1111
2026-02-26T18:51:01.258480+00:00,KXNBAGAME-26FEB28TORWAS-WAS,ask,22,75,0.75,106
2026-02-26T18:51:01.258480+00:00,KXNBAGAME-26FEB28TORWAS-WAS,ask,23,76,0.76,154
2026-02-26T18:51:01.258480+00:00,KXNBAGAME-26FEB28TORWAS-WAS,bid,9,1,0.01,12000
2026-02-26T18:51:01.258480+00:00,KXNBAGAME-26FEB28TORWAS-WAS,bid,8,2,0.02,6118
2026-02-26T18:51:01.258480+00:00,KXNBAGAME-26FEB28TORWAS-WAS,bid,7,3,0.03,51055
2026-02-26T18:51:01.258480+00:00,KXNBAGAME-26FEB28TORWAS-WAS,bid,6,5,0.05,500
2026-02-26T18:51:01.258480+00:00,KXNBAGAME-26FEB28TORWAS-WAS,bid,5,7,0.07,12000
2026-02-26T18:51:01.258480+00:00,KXNBAGAME-26FEB28TORWAS-WAS,bid,4,8,0.08,15624
2026-02-26T18:51:01.258480+00:00,KXNBAGAME-26FEB28TORWAS-WAS,bid,3,11,0.11,500
2026-02-26T18:51:01.258480+00:00,KXNBAGAME-26FEB28TORWAS-WAS,bid,2,12,0.12,300
2026-02-26T18:51:01.258480+00:00,KXNBAGAME-26FEB28TORWAS-WAS,bid,1,13,0.13,675
2026-02-26T18:51:01.258480+00:00,KXNBAGAME-26FEB28TORWAS-WAS,bid,0,14,0.14,100
2026-02-26T18:59:38.494697+00:00,KXNBAGAME-26FEB28TORWAS-WAS,ask,0,1,0.01,12461
2026-02-26T18:59:38.494697+00:00,KXNBAGAME-26FEB28TORWAS-WAS,ask,1,2,0.02,5100
2026-02-26T18:59:38.494697+00:00,KXNBAGAME-26FEB28TORWAS-WAS,ask,2,3,0.03,50700
2026-02-26T18:59:38.494697+00:00,KXNBAGAME-26FEB28TORWAS-WAS,ask,3,5,0.05,841
2026-02-26T18:59:38.494697+00:00,KXNBAGAME-26FEB28TORWAS-WAS,ask,4,9,0.09,12
2026-02-26T18:59:38.494697+00:00,KXNBAGAME-26FEB28TORWAS-WAS,ask,5,12,0.12,500
2026-02-26T18:59:38.494697+00:00,KXNBAGAME-26FEB28TORWAS-WAS,ask,6,13,0.13,500
2026-02-26T18:59:38.494697+00:00,KXNBAGAME-26FEB28TORWAS-WAS,ask,7,14,0.14,580
2026-02-26T18:59:38.494697+00:00,KXNBAGAME-26FEB28TORWAS-WAS,ask,8,15,0.15,596
2026-02-26T18:59:38.494697+00:00,KXNBAGAME-26FEB28TORWAS-WAS,ask,9,16,0.16,20
2026-02-26T18:59:38.494697+00:00,KXNBAGAME-26FEB28TORWAS-WAS,ask,10,19,0.19,124
2026-02-26T18:59:38.494697+00:00,KXNBAGAME-26FEB28TORWAS-WAS,ask,11,25,0.25,66
2026-02-26T18:59:38.494697+00:00,KXNBAGAME-26FEB28TORWAS-WAS,ask,12,35,0.35,48
2026-02-26T18:59:38.494697+00:00,KXNBAGAME-26FEB28TORWAS-WAS,ask,13,36,0.36,1028
2026-02-26T18:59:38.494697+00:00,KXNBAGAME-26FEB28TORWAS-WAS,ask,14,54,0.54,203
2026-02-26T18:59:38.494697+00:00,KXNBAGAME-26FEB28TORWAS-WAS,ask,15,55,0.55,186
2026-02-26T18:59:38.494697+00:00,KXNBAGAME-26FEB28TORWAS-WAS,ask,16,56,0.56,178
2026-02-26T18:59:38.494697+00:00,KXNBAGAME-26FEB28TORWAS-WAS,ask,17,57,0.57,163
2026-02-26T18:59:38.494697+00:00,KXNBAGAME-26FEB28TORWAS-WAS,ask,18,58,0.58,135
2026-02-26T18:59:38.494697+00:00,KXNBAGAME-26FEB28TORWAS-WAS,ask,19,59,0.59,103
2026-02-26T18:59:38.494697+00:00,KXNBAGAME-26FEB28TORWAS-WAS,ask,20,68,0.68,2000
2026-02-26T18:59:38.494697+00:00,KXNBAGAME-26FEB28TORWAS-WAS,ask,21,74,0.74,1111
2026-02-26T18:59:38.494697+00:00,KXNBAGAME-26FEB28TORWAS-WAS,ask,22,75,0.75,106
2026-02-26T18:59:38.494697+00:00,KXNBAGAME-26FEB28TORWAS-WAS,ask,23,76,0.76,154
2026-02-26T18:59:38.494697+00:00,KXNBAGAME-26FEB28TORWAS-WAS,bid,9,1,0.01,12000
2026-02-26T18:59:38.494697+00:00,KXNBAGAME-26FEB28TORWAS-WAS,bid,8,2,0.02,6118
2026-02-26T18:59:38.494697+00:00,KXNBAGAME-26FEB28TORWAS-WAS,bid,7,3,0.03,51055
2026-02-26T18:59:38.494697+00:00,KXNBAGAME-26FEB28TORWAS-WAS,bid,6,5,0.05,500
2026-02-26T18:59:38.494697+00:00,KXNBAGAME-26FEB28TORWAS-WAS,bid,5,7,0.07,12000
2026-02-26T18:59:38.494697+00:00,KXNBAGAME-26FEB28TORWAS-WAS,bid,4,8,0.08,15624
2026-02-26T18:59:38.494697+00:00,KXNBAGAME-26FEB28TORWAS-WAS,bid,3,11,0.11,500
2026-02-26T18:59:38.494697+00:00,KXNBAGAME-26FEB28TORWAS-WAS,bid,2,12,0.12,300
2026-02-26T18:59:38.494697+00:00,KXNBAGAME-26FEB28TORWAS-WAS,bid,1,13,0.13,675
2026-02-26T18:59:38.494697+00:00,KXNBAGAME-26FEB28TORWAS-WAS,bid,0,14,0.14,100
2026-02-26T19:08:16.733281+00:00,KXNBAGAME-26FEB28TORWAS-WAS,ask,0,1,0.01,12461
2026-02-26T19:08:16.733281+00:00,KXNBAGAME-26FEB28TORWAS-WAS,ask,1,2,0.02,5100
2026-02-26T19:08:16.733281+00:00,KXNBAGAME-26FEB28TORWAS-WAS,ask,2,3,0.03,50700
2026-02-26T19:08:16.733281+00:00,KXNBAGAME-26FEB28TORWAS-WAS,ask,3,5,0.05,841
2026-02-26T19:08:16.733281+00:00,KXNBAGAME-26FEB28TORWAS-WAS,ask,4,9,0.09,12
2026-02-26T19:08:16.733281+00:00,KXNBAGAME-26FEB28TORWAS-WAS,ask,5,12,0.12,500
2026-02-26T19:08:16.733281+00:00,KXNBAGAME-26FEB28TORWAS-WAS,ask,6,13,0.13,500
2026-02-26T19:08:16.733281+00:00,KXNBAGAME-26FEB28TORWAS-WAS,ask,7,14,0.14,580
2026-02-26T19:08:16.733281+00:00,KXNBAGAME-26FEB28TORWAS-WAS,ask,8,15,0.15,596
2026-02-26T19:08:16.733281+00:00,KXNBAGAME-26FEB28TORWAS-WAS,ask,9,16,0.16,20
2026-02-26T19:08:16.733281+00:00,KXNBAGAME-26FEB28TORWAS-WAS,ask,10,19,0.19,124
2026-02-26T19:08:16.733281+00:00,KXNBAGAME-26FEB28TORWAS-WAS,ask,11,25,0.25,66
2026-02-26T19:08:16.733281+00:00,KXNBAGAME-26FEB28TORWAS-WAS,ask,12,35,0.35,48
2026-02-26T19:08:16.733281+00:00,KXNBAGAME-26FEB28TORWAS-WAS,ask,13,36,0.36,1028
2026-02-26T19:08:16.733281+00:00,KXNBAGAME-26FEB28TORWAS-WAS,ask,14,54,0.54,203
2026-02-26T19:08:16.733281+00:00,KXNBAGAME-26FEB28TORWAS-WAS,ask,15,55,0.55,186
2026-02-26T19:08:16.733281+00:00,KXNBAGAME-26FEB28TORWAS-WAS,ask,16,56,0.56,178
2026-02-26T19:08:16.733281+00:00,KXNBAGAME-26FEB28TORWAS-WAS,ask,17,57,0.57,163
2026-02-26T19:08:16.733281+00:00,KXNBAGAME-26FEB28TORWAS-WAS,ask,18,58,0.58,135
2026-02-26T19:08:16.733281+00:00,KXNBAGAME-26FEB28TORWAS-WAS,ask,19,59,0.59,103
2026-02-26T19:08:16.733281+00:00,KXNBAGAME-26FEB28TORWAS-WAS,ask,20,68,0.68,2000
2026-02-26T19:08:16.733281+00:00,KXNBAGAME-26FEB28TORWAS-WAS,ask,21,74,0.74,1111
2026-02-26T19:08:16.733281+00:00,KXNBAGAME-26FEB28TORWAS-WAS,ask,22,75,0.75,106
2026-02-26T19:08:16.733281+00:00,KXNBAGAME-26FEB28TORWAS-WAS,ask,23,76,0.76,154
2026-02-26T19:08:16.733281+00:00,KXNBAGAME-26FEB28TORWAS-WAS,bid,9,1,0.01,12000
2026-02-26T19:08:16.733281+00:00,KXNBAGAME-26FEB28TORWAS-WAS,bid,8,2,0.02,6118
2026-02-26T19:08:16.733281+00:00,KXNBAGAME-26FEB28TORWAS-WAS,bid,7,3,0.03,51055
2026-02-26T19:08:16.733281+00:00,KXNBAGAME-26FEB28TORWAS-WAS,bid,6,5,0.05,500
2026-02-26T19:08:16.733281+00:00,KXNBAGAME-26FEB28TORWAS-WAS,bid,5,7,0.07,12000
2026-02-26T19:08:16.733281+00:00,KXNBAGAME-26FEB28TORWAS-WAS,bid,4,8,0.08,15624
2026-02-26T19:08:16.733281+00:00,KXNBAGAME-26FEB28TORWAS-WAS,bid,3,11,0.11,500
2026-02-26T19:08:16.733281+00:00,KXNBAGAME-26FEB28TORWAS-WAS,bid,2,12,0.12,300
2026-02-26T19:08:16.733281+00:00,KXNBAGAME-26FEB28TORWAS-WAS,bid,1,13,0.13,675
2026-02-26T19:08:16.733281+00:00,KXNBAGAME-26FEB28TORWAS-WAS,bid,0,14,0.14,100
2026-02-26T19:17:06.986366+00:00,KXNBAGAME-26FEB28TORWAS-WAS,ask,0,1,0.01,12461
2026-02-26T19:17:06.986366+00:00,KXNBAGAME-26FEB28TORWAS-WAS,ask,1,2,0.02,5100
2026-02-26T19:17:06.986366+00:00,KXNBAGAME-26FEB28TORWAS-WAS,ask,2,3,0.03,50700
2026-02-26T19:17:06.986366+00:00,KXNBAGAME-26FEB28TORWAS-WAS,ask,3,5,0.05,841
2026-02-26T19:17:06.986366+00:00,KXNBAGAME-26FEB28TORWAS-WAS,ask,4,9,0.09,12
2026-02-26T19:17:06.986366+00:00,KXNBAGAME-26FEB28TORWAS-WAS,ask,5,12,0.12,500
2026-02-26T19:17:06.986366+00:00,KXNBAGAME-26FEB28TORWAS-WAS,ask,6,13,0.13,500
2026-02-26T19:17:06.986366+00:00,KXNBAGAME-26FEB28TORWAS-WAS,ask,7,14,0.14,580
2026-02-26T19:17:06.986366+00:00,KXNBAGAME-26FEB28TORWAS-WAS,ask,8,15,0.15,596
2026-02-26T19:17:06.986366+00:00,KXNBAGAME-26FEB28TORWAS-WAS,ask,9,16,0.16,20
2026-02-26T19:17:06.986366+00:00,KXNBAGAME-26FEB28TORWAS-WAS,ask,10,19,0.19,124
2026-02-26T19:17:06.986366+00:00,KXNBAGAME-26FEB28TORWAS-WAS,ask,11,25,0.25,66
2026-02-26T19:17:06.986366+00:00,KXNBAGAME-26FEB28TORWAS-WAS,ask,12,35,0.35,48
2026-02-26T19:17:06.986366+00:00,KXNBAGAME-26FEB28TORWAS-WAS,ask,13,36,0.36,1028
2026-02-26T19:17:06.986366+00:00,KXNBAGAME-26FEB28TORWAS-WAS,ask,14,54,0.54,203
2026-02-26T19:17:06.986366+00:00,KXNBAGAME-26FEB28TORWAS-WAS,ask,15,55,0.55,186
2026-02-26T19:17:06.986366+00:00,KXNBAGAME-26FEB28TORWAS-WAS,ask,16,56,0.56,178
2026-02-26T19:17:06.986366+00:00,KXNBAGAME-26FEB28TORWAS-WAS,ask,17,57,0.57,163
2026-02-26T19:17:06.986366+00:00,KXNBAGAME-26FEB28TORWAS-WAS,ask,18,58,0.58,135
2026-02-26T19:17:06.986366+00:00,KXNBAGAME-26FEB28TORWAS-WAS,ask,19,59,0.59,103
2026-02-26T19:17:06.986366+00:00,KXNBAGAME-26FEB28TORWAS-WAS,ask,20,68,0.68,2000
2026-02-26T19:17:06.986366+00:00,KXNBAGAME-26FEB28TORWAS-WAS,ask,21,74,0.74,1111
2026-02-26T19:17:06.986366+00:00,KXNBAGAME-26FEB28TORWAS-WAS,ask,22,75,0.75,106
2026-02-26T19:17:06.986366+00:00,KXNBAGAME-26FEB28TORWAS-WAS,ask,23,76,0.76,154
2026-02-26T19:17:06.986366+00:00,KXNBAGAME-26FEB28TORWAS-WAS,bid,9,1,0.01,12000
2026-02-26T19:17:06.986366+00:00,KXNBAGAME-26FEB28TORWAS-WAS,bid,8,2,0.02,6118
2026-02-26T19:17:06.986366+00:00,KXNBAGAME-26FEB28TORWAS-WAS,bid,7,3,0.03,51055
2026-02-26T19:17:06.986366+00:00,KXNBAGAME-26FEB28TORWAS-WAS,bid,6,5,0.05,500
2026-02-26T19:17:06.986366+00:00,KXNBAGAME-26FEB28TORWAS-WAS,bid,5,7,0.07,12000
2026-02-26T19:17:06.986366+00:00,KXNBAGAME-26FEB28TORWAS-WAS,bid,4,8,0.08,15624
2026-02-26T19:17:06.986366+00:00,KXNBAGAME-26FEB28TORWAS-WAS,bid,3,11,0.11,500
2026-02-26T19:17:06.986366+00:00,KXNBAGAME-26FEB28TORWAS-WAS,bid,2,12,0.12,300
2026-02-26T19:17:06.986366+00:00,KXNBAGAME-26FEB28TORWAS-WAS,bid,1,13,0.13,675
2026-02-26T19:17:06.986366+00:00,KXNBAGAME-26FEB28TORWAS-WAS,bid,0,14,0.14,100
2026-02-26T19:25:56.969578+00:00,KXNBAGAME-26FEB28TORWAS-WAS,ask,0,1,0.01,12461
2026-02-26T19:25:56.969578+00:00,KXNBAGAME-26FEB28TORWAS-WAS,ask,1,2,0.02,5100
2026-02-26T19:25:56.969578+00:00,KXNBAGAME-26FEB28TORWAS-WAS,ask,2,3,0.03,50700
2026-02-26T19:25:56.969578+00:00,KXNBAGAME-26FEB28TORWAS-WAS,ask,3,5,0.05,841
2026-02-26T19:25:56.969578+00:00,KXNBAGAME-26FEB28TORWAS-WAS,ask,4,9,0.09,12
2026-02-26T19:25:56.969578+00:00,KXNBAGAME-26FEB28TORWAS-WAS,ask,5,12,0.12,500
2026-02-26T19:25:56.969578+00:00,KXNBAGAME-26FEB28TORWAS-WAS,ask,6,13,0.13,500
2026-02-26T19:25:56.969578+00:00,KXNBAGAME-26FEB28TORWAS-WAS,ask,7,14,0.14,580
2026-02-26T19:25:56.969578+00:00,KXNBAGAME-26FEB28TORWAS-WAS,ask,8,15,0.15,596
2026-02-26T19:25:56.969578+00:00,KXNBAGAME-26FEB28TORWAS-WAS,ask,9,16,0.16,20
2026-02-26T19:25:56.969578+00:00,KXNBAGAME-26FEB28TORWAS-WAS,ask,10,19,0.19,124
2026-02-26T19:25:56.969578+00:00,KXNBAGAME-26FEB28TORWAS-WAS,ask,11,25,0.25,66
2026-02-26T19:25:56.969578+00:00,KXNBAGAME-26FEB28TORWAS-WAS,ask,12,35,0.35,48
2026-02-26T19:25:56.969578+00:00,KXNBAGAME-26FEB28TORWAS-WAS,ask,13,36,0.36,1028
2026-02-26T19:25:56.969578+00:00,KXNBAGAME-26FEB28TORWAS-WAS,ask,14,54,0.54,203
2026-02-26T19:25:56.969578+00:00,KXNBAGAME-26FEB28TORWAS-WAS,ask,15,55,0.55,186
2026-02-26T19:25:56.969578+00:00,KXNBAGAME-26FEB28TORWAS-WAS,ask,16,56,0.56,178
2026-02-26T19:25:56.969578+00:00,KXNBAGAME-26FEB28TORWAS-WAS,ask,17,57,0.57,163
2026-02-26T19:25:56.969578+00:00,KXNBAGAME-26FEB28TORWAS-WAS,ask,18,58,0.58,135
2026-02-26T19:25:56.969578+00:00,KXNBAGAME-26FEB28TORWAS-WAS,ask,19,59,0.59,103
2026-02-26T19:25:56.969578+00:00,KXNBAGAME-26FEB28TORWAS-WAS,ask,20,68,0.68,2000
2026-02-26T19:25:56.969578+00:00,KXNBAGAME-26FEB28TORWAS-WAS,ask,21,74,0.74,1111
2026-02-26T19:25:56.969578+00:00,KXNBAGAME-26FEB28TORWAS-WAS,ask,22,75,0.75,106
2026-02-26T19:25:56.969578+00:00,KXNBAGAME-26FEB28TORWAS-WAS,ask,23,76,0.76,154
2026-02-26T19:25:56.969578+00:00,KXNBAGAME-26FEB28TORWAS-WAS,bid,9,1,0.01,12000
2026-02-26T19:25:56.969578+00:00,KXNBAGAME-26FEB28TORWAS-WAS,bid,8,2,0.02,6118
2026-02-26T19:25:56.969578+00:00,KXNBAGAME-26FEB28TORWAS-WAS,bid,7,3,0.03,51055
2026-02-26T19:25:56.969578+00:00,KXNBAGAME-26FEB28TORWAS-WAS,bid,6,5,0.05,500
2026-02-26T19:25:56.969578+00:00,KXNBAGAME-26FEB28TORWAS-WAS,bid,5,7,0.07,12000
2026-02-26T19:25:56.969578+00:00,KXNBAGAME-26FEB28TORWAS-WAS,bid,4,8,0.08,15624
2026-02-26T19:25:56.969578+00:00,KXNBAGAME-26FEB28TORWAS-WAS,bid,3,11,0.11,500
2026-02-26T19:25:56.969578+00:00,KXNBAGAME-26FEB28TORWAS-WAS,bid,2,12,0.12,300
2026-02-26T19:25:56.969578+00:00,KXNBAGAME-26FEB28TORWAS-WAS,bid,1,13,0.13,675
2026-02-26T19:25:56.969578+00:00,KXNBAGAME-26FEB28TORWAS-WAS,bid,0,14,0.14,100
2026-02-26T19:30:44.998629+00:00,KXNBAGAME-26FEB28TORWAS-WAS,ask,0,1,0.01,12461
2026-02-26T19:30:44.998629+00:00,KXNBAGAME-26FEB28TORWAS-WAS,ask,1,2,0.02,5100
2026-02-26T19:30:44.998629+00:00,KXNBAGAME-26FEB28TORWAS-WAS,ask,2,3,0.03,50700
2026-02-26T19:30:44.998629+00:00,KXNBAGAME-26FEB28TORWAS-WAS,ask,3,5,0.05,841
2026-02-26T19:30:44.998629+00:00,KXNBAGAME-26FEB28TORWAS-WAS,ask,4,9,0.09,12
2026-02-26T19:30:44.998629+00:00,KXNBAGAME-26FEB28TORWAS-WAS,ask,5,12,0.12,500
2026-02-26T19:30:44.998629+00:00,KXNBAGAME-26FEB28TORWAS-WAS,ask,6,13,0.13,500
2026-02-26T19:30:44.998629+00:00,KXNBAGAME-26FEB28TORWAS-WAS,ask,7,14,0.14,580
2026-02-26T19:30:44.998629+00:00,KXNBAGAME-26FEB28TORWAS-WAS,ask,8,15,0.15,596
2026-02-26T19:30:44.998629+00:00,KXNBAGAME-26FEB28TORWAS-WAS,ask,9,16,0.16,20
2026-02-26T19:30:44.998629+00:00,KXNBAGAME-26FEB28TORWAS-WAS,ask,10,19,0.19,124
2026-02-26T19:30:44.998629+00:00,KXNBAGAME-26FEB28TORWAS-WAS,ask,11,25,0.25,66
2026-02-26T19:30:44.998629+00:00,KXNBAGAME-26FEB28TORWAS-WAS,ask,12,35,0.35,48
2026-02-26T19:30:44.998629+00:00,KXNBAGAME-26FEB28TORWAS-WAS,ask,13,36,0.36,1041
2026-02-26T19:30:44.998629+00:00,KXNBAGAME-26FEB28TORWAS-WAS,ask,14,54,0.54,389
2026-02-26T19:30:44.998629+00:00,KXNBAGAME-26FEB28TORWAS-WAS,ask,15,55,0.55,357
2026-02-26T19:30:44.998629+00:00,KXNBAGAME-26FEB28TORWAS-WAS,ask,16,56,0.56,340
2026-02-26T19:30:44.998629+00:00,KXNBAGAME-26FEB28TORWAS-WAS,ask,17,57,0.57,312
2026-02-26T19:30:44.998629+00:00,KXNBAGAME-26FEB28TORWAS-WAS,ask,18,58,0.58,258
2026-02-26T19:30:44.998629+00:00,KXNBAGAME-26FEB28TORWAS-WAS,ask,19,59,0.59,197
2026-02-26T19:30:44.998629+00:00,KXNBAGAME-26FEB28TORWAS-WAS,ask,20,60,0.6,70
2026-02-26T19:30:44.998629+00:00,KXNBAGAME-26FEB28TORWAS-WAS,ask,21,68,0.68,2000
2026-02-26T19:30:44.998629+00:00,KXNBAGAME-26FEB28TORWAS-WAS,ask,22,74,0.74,1119
2026-02-26T19:30:44.998629+00:00,KXNBAGAME-26FEB28TORWAS-WAS,ask,23,75,0.75,66
2026-02-26T19:30:44.998629+00:00,KXNBAGAME-26FEB28TORWAS-WAS,ask,24,76,0.76,29
2026-02-26T19:30:44.998629+00:00,KXNBAGAME-26FEB28TORWAS-WAS,ask,25,77,0.77,84
2026-02-26T19:30:44.998629+00:00,KXNBAGAME-26FEB28TORWAS-WAS,ask,26,78,0.78,125
2026-02-26T19:30:44.998629+00:00,KXNBAGAME-26FEB28TORWAS-WAS,bid,9,1,0.01,12000
2026-02-26T19:30:44.998629+00:00,KXNBAGAME-26FEB28TORWAS-WAS,bid,8,2,0.02,6110
2026-02-26T19:30:44.998629+00:00,KXNBAGAME-26FEB28TORWAS-WAS,bid,7,3,0.03,51055
2026-02-26T19:30:44.998629+00:00,KXNBAGAME-26FEB28TORWAS-WAS,bid,6,5,0.05,500
2026-02-26T19:30:44.998629+00:00,KXNBAGAME-26FEB28TORWAS-WAS,bid,5,7,0.07,12000
2026-02-26T19:30:44.998629+00:00,KXNBAGAME-26FEB28TORWAS-WAS,bid,4,8,0.08,15624
2026-02-26T19:30:44.998629+00:00,KXNBAGAME-26FEB28TORWAS-WAS,bid,3,11,0.11,500
2026-02-26T19:30:44.998629+00:00,KXNBAGAME-26FEB28TORWAS-WAS,bid,2,12,0.12,300
2026-02-26T19:30:44.998629+00:00,KXNBAGAME-26FEB28TORWAS-WAS,bid,1,13,0.13,675
2026-02-26T19:30:44.998629+00:00,KXNBAGAME-26FEB28TORWAS-WAS,bid,0,14,0.14,100
2026-02-26T19:32:13.548151+00:00,KXNBAGAME-26FEB28TORWAS-WAS,ask,0,1,0.01,12461
2026-02-26T19:32:13.548151+00:00,KXNBAGAME-26FEB28TORWAS-WAS,ask,1,2,0.02,5100
2026-02-26T19:32:13.548151+00:00,KXNBAGAME-26FEB28TORWAS-WAS,ask,2,3,0.03,50700
2026-02-26T19:32:13.548151+00:00,KXNBAGAME-26FEB28TORWAS-WAS,ask,3,5,0.05,841
2026-02-26T19:32:13.548151+00:00,KXNBAGAME-26FEB28TORWAS-WAS,ask,4,9,0.09,12
2026-02-26T19:32:13.548151+00:00,KXNBAGAME-26FEB28TORWAS-WAS,ask,5,12,0.12,500
2026-02-26T19:32:13.548151+00:00,KXNBAGAME-26FEB28TORWAS-WAS,ask,6,13,0.13,500
2026-02-26T19:32:13.548151+00:00,KXNBAGAME-26FEB28TORWAS-WAS,ask,7,14,0.14,580
2026-02-26T19:32:13.548151+00:00,KXNBAGAME-26FEB28TORWAS-WAS,ask,8,15,0.15,596
2026-02-26T19:32:13.548151+00:00,KXNBAGAME-26FEB28TORWAS-WAS,ask,9,16,0.16,20
2026-02-26T19:32:13.548151+00:00,KXNBAGAME-26FEB28TORWAS-WAS,ask,10,19,0.19,124
2026-02-26T19:32:13.548151+00:00,KXNBAGAME-26FEB28TORWAS-WAS,ask,11,25,0.25,66
2026-02-26T19:32:13.548151+00:00,KXNBAGAME-26FEB28TORWAS-WAS,ask,12,35,0.35,48
2026-02-26T19:32:13.548151+00:00,KXNBAGAME-26FEB28TORWAS-WAS,ask,13,36,0.36,1041
2026-02-26T19:32:13.548151+00:00,KXNBAGAME-26FEB28TORWAS-WAS,ask,14,54,0.54,389
2026-02-26T19:32:13.548151+00:00,KXNBAGAME-26FEB28TORWAS-WAS,ask,15,55,0.55,357
2026-02-26T19:32:13.548151+00:00,KXNBAGAME-26FEB28TORWAS-WAS,ask,16,56,0.56,340
2026-02-26T19:32:13.548151+00:00,KXNBAGAME-26FEB28TORWAS-WAS,ask,17,57,0.57,312
2026-02-26T19:32:13.548151+00:00,KXNBAGAME-26FEB28TORWAS-WAS,ask,18,58,0.58,258
2026-02-26T19:32:13.548151+00:00,KXNBAGAME-26FEB28TORWAS-WAS,ask,19,59,0.59,197
2026-02-26T19:32:13.548151+00:00,KXNBAGAME-26FEB28TORWAS-WAS,ask,20,60,0.6,70
2026-02-26T19:32:13.548151+00:00,KXNBAGAME-26FEB28TORWAS-WAS,ask,21,68,0.68,2000
2026-02-26T19:32:13.548151+00:00,KXNBAGAME-26FEB28TORWAS-WAS,ask,22,74,0.74,1119
2026-02-26T19:32:13.548151+00:00,KXNBAGAME-26FEB28TORWAS-WAS,ask,23,75,0.75,66
2026-02-26T19:32:13.548151+00:00,KXNBAGAME-26FEB28TORWAS-WAS,ask,24,76,0.76,29
2026-02-26T19:32:13.548151+00:00,KXNBAGAME-26FEB28TORWAS-WAS,ask,25,77,0.77,84
2026-02-26T19:32:13.548151+00:00,KXNBAGAME-26FEB28TORWAS-WAS,ask,26,78,0.78,125
2026-02-26T19:32:13.548151+00:00,KXNBAGAME-26FEB28TORWAS-WAS,bid,9,1,0.01,12000
2026-02-26T19:32:13.548151+00:00,KXNBAGAME-26FEB28TORWAS-WAS,bid,8,2,0.02,6110
2026-02-26T19:32:13.548151+00:00,KXNBAGAME-26FEB28TORWAS-WAS,bid,7,3,0.03,51055
2026-02-26T19:32:13.548151+00:00,KXNBAGAME-26FEB28TORWAS-WAS,bid,6,5,0.05,500
2026-02-26T19:32:13.548151+00:00,KXNBAGAME-26FEB28TORWAS-WAS,bid,5,7,0.07,12000
2026-02-26T19:32:13.548151+00:00,KXNBAGAME-26FEB28TORWAS-WAS,bid,4,8,0.08,15624
2026-02-26T19:32:13.548151+00:00,KXNBAGAME-26FEB28TORWAS-WAS,bid,3,11,0.11,500
2026-02-26T19:32:13.548151+00:00,KXNBAGAME-26FEB28TORWAS-WAS,bid,2,12,0.12,300
2026-02-26T19:32:13.548151+00:00,KXNBAGAME-26FEB28TORWAS-WAS,bid,1,13,0.13,675
2026-02-26T19:32:13.548151+00:00,KXNBAGAME-26FEB28TORWAS-WAS,bid,0,14,0.14,100
2026-02-26T19:34:47.522698+00:00,KXNBAGAME-26FEB28TORWAS-WAS,ask,0,1,0.01,12461
2026-02-26T19:34:47.522698+00:00,KXNBAGAME-26FEB28TORWAS-WAS,ask,1,2,0.02,5100
2026-02-26T19:34:47.522698+00:00,KXNBAGAME-26FEB28TORWAS-WAS,ask,2,3,0.03,50700
2026-02-26T19:34:47.522698+00:00,KXNBAGAME-26FEB28TORWAS-WAS,ask,3,5,0.05,841
2026-02-26T19:34:47.522698+00:00,KXNBAGAME-26FEB28TORWAS-WAS,ask,4,9,0.09,12
2026-02-26T19:34:47.522698+00:00,KXNBAGAME-26FEB28TORWAS-WAS,ask,5,12,0.12,500
2026-02-26T19:34:47.522698+00:00,KXNBAGAME-26FEB28TORWAS-WAS,ask,6,13,0.13,500
2026-02-26T19:34:47.522698+00:00,KXNBAGAME-26FEB28TORWAS-WAS,ask,7,14,0.14,580
2026-02-26T19:34:47.522698+00:00,KXNBAGAME-26FEB28TORWAS-WAS,ask,8,15,0.15,596
2026-02-26T19:34:47.522698+00:00,KXNBAGAME-26FEB28TORWAS-WAS,ask,9,16,0.16,20
2026-02-26T19:34:47.522698+00:00,KXNBAGAME-26FEB28TORWAS-WAS,ask,10,19,0.19,124
2026-02-26T19:34:47.522698+00:00,KXNBAGAME-26FEB28TORWAS-WAS,ask,11,25,0.25,66
2026-02-26T19:34:47.522698+00:00,KXNBAGAME-26FEB28TORWAS-WAS,ask,12,35,0.35,48
2026-02-26T19:34:47.522698+00:00,KXNBAGAME-26FEB28TORWAS-WAS,ask,13,36,0.36,1028
2026-02-26T19:34:47.522698+00:00,KXNBAGAME-26FEB28TORWAS-WAS,ask,14,54,0.54,203
2026-02-26T19:34:47.522698+00:00,KXNBAGAME-26FEB28TORWAS-WAS,ask,15,55,0.55,186
2026-02-26T19:34:47.522698+00:00,KXNBAGAME-26FEB28TORWAS-WAS,ask,16,56,0.56,178
2026-02-26T19:34:47.522698+00:00,KXNBAGAME-26FEB28TORWAS-WAS,ask,17,57,0.57,163
2026-02-26T19:34:47.522698+00:00,KXNBAGAME-26FEB28TORWAS-WAS,ask,18,58,0.58,135
2026-02-26T19:34:47.522698+00:00,KXNBAGAME-26FEB28TORWAS-WAS,ask,19,59,0.59,103
2026-02-26T19:34:47.522698+00:00,KXNBAGAME-26FEB28TORWAS-WAS,ask,20,68,0.68,2000
2026-02-26T19:34:47.522698+00:00,KXNBAGAME-26FEB28TORWAS-WAS,ask,21,74,0.74,1111
2026-02-26T19:34:47.522698+00:00,KXNBAGAME-26FEB28TORWAS-WAS,ask,22,75,0.75,106
2026-02-26T19:34:47.522698+00:00,KXNBAGAME-26FEB28TORWAS-WAS,ask,23,76,0.76,154
2026-02-26T19:34:47.522698+00:00,KXNBAGAME-26FEB28TORWAS-WAS,bid,9,1,0.01,12000
2026-02-26T19:34:47.522698+00:00,KXNBAGAME-26FEB28TORWAS-WAS,bid,8,2,0.02,6118
2026-02-26T19:34:47.522698+00:00,KXNBAGAME-26FEB28TORWAS-WAS,bid,7,3,0.03,51055
2026-02-26T19:34:47.522698+00:00,KXNBAGAME-26FEB28TORWAS-WAS,bid,6,5,0.05,500
2026-02-26T19:34:47.522698+00:00,KXNBAGAME-26FEB28TORWAS-WAS,bid,5,7,0.07,12000
2026-02-26T19:34:47.522698+00:00,KXNBAGAME-26FEB28TORWAS-WAS,bid,4,8,0.08,15624
2026-02-26T19:34:47.522698+00:00,KXNBAGAME-26FEB28TORWAS-WAS,bid,3,11,0.11,500
2026-02-26T19:34:47.522698+00:00,KXNBAGAME-26FEB28TORWAS-WAS,bid,2,12,0.12,300
2026-02-26T19:34:47.522698+00:00,KXNBAGAME-26FEB28TORWAS-WAS,bid,1,13,0.13,675
2026-02-26T19:34:47.522698+00:00,KXNBAGAME-26FEB28TORWAS-WAS,bid,0,14,0.14,100
2026-02-26T19:37:39.169380+00:00,KXNBAGAME-26FEB28TORWAS-WAS,ask,0,1,0.01,12461
2026-02-26T19:37:39.169380+00:00,KXNBAGAME-26FEB28TORWAS-WAS,ask,1,2,0.02,5100
2026-02-26T19:37:39.169380+00:00,KXNBAGAME-26FEB28TORWAS-WAS,ask,2,3,0.03,50700
2026-02-26T19:37:39.169380+00:00,KXNBAGAME-26FEB28TORWAS-WAS,ask,3,5,0.05,841
2026-02-26T19:37:39.169380+00:00,KXNBAGAME-26FEB28TORWAS-WAS,ask,4,9,0.09,12
2026-02-26T19:37:39.169380+00:00,KXNBAGAME-26FEB28TORWAS-WAS,ask,5,12,0.12,500
2026-02-26T19:37:39.169380+00:00,KXNBAGAME-26FEB28TORWAS-WAS,ask,6,13,0.13,500
2026-02-26T19:37:39.169380+00:00,KXNBAGAME-26FEB28TORWAS-WAS,ask,7,14,0.14,580
2026-02-26T19:37:39.169380+00:00,KXNBAGAME-26FEB28TORWAS-WAS,ask,8,15,0.15,596
2026-02-26T19:37:39.169380+00:00,KXNBAGAME-26FEB28TORWAS-WAS,ask,9,16,0.16,20
2026-02-26T19:37:39.169380+00:00,KXNBAGAME-26FEB28TORWAS-WAS,ask,10,19,0.19,124
2026-02-26T19:37:39.169380+00:00,KXNBAGAME-26FEB28TORWAS-WAS,ask,11,25,0.25,66
2026-02-26T19:37:39.169380+00:00,KXNBAGAME-26FEB28TORWAS-WAS,ask,12,35,0.35,48
2026-02-26T19:37:39.169380+00:00,KXNBAGAME-26FEB28TORWAS-WAS,ask,13,36,0.36,1041
2026-02-26T19:37:39.169380+00:00,KXNBAGAME-26FEB28TORWAS-WAS,ask,14,54,0.54,389
2026-02-26T19:37:39.169380+00:00,KXNBAGAME-26FEB28TORWAS-WAS,ask,15,55,0.55,357
2026-02-26T19:37:39.169380+00:00,KXNBAGAME-26FEB28TORWAS-WAS,ask,16,56,0.56,340
2026-02-26T19:37:39.169380+00:00,KXNBAGAME-26FEB28TORWAS-WAS,ask,17,57,0.57,312
2026-02-26T19:37:39.169380+00:00,KXNBAGAME-26FEB28TORWAS-WAS,ask,18,58,0.58,258
2026-02-26T19:37:39.169380+00:00,KXNBAGAME-26FEB28TORWAS-WAS,ask,19,59,0.59,197
2026-02-26T19:37:39.169380+00:00,KXNBAGAME-26FEB28TORWAS-WAS,ask,20,60,0.6,70
2026-02-26T19:37:39.169380+00:00,KXNBAGAME-26FEB28TORWAS-WAS,ask,21,68,0.68,2000
2026-02-26T19:37:39.169380+00:00,KXNBAGAME-26FEB28TORWAS-WAS,ask,22,74,0.74,1119
2026-02-26T19:37:39.169380+00:00,KXNBAGAME-26FEB28TORWAS-WAS,ask,23,75,0.75,66
2026-02-26T19:37:39.169380+00:00,KXNBAGAME-26FEB28TORWAS-WAS,ask,24,76,0.76,29
2026-02-26T19:37:39.169380+00:00,KXNBAGAME-26FEB28TORWAS-WAS,ask,25,77,0.77,84
2026-02-26T19:37:39.169380+00:00,KXNBAGAME-26FEB28TORWAS-WAS,ask,26,78,0.78,125
2026-02-26T19:37:39.169380+00:00,KXNBAGAME-26FEB28TORWAS-WAS,bid,9,1,0.01,12000
2026-02-26T19:37:39.169380+00:00,KXNBAGAME-26FEB28TORWAS-WAS,bid,8,2,0.02,6110
2026-02-26T19:37:39.169380+00:00,KXNBAGAME-26FEB28TORWAS-WAS,bid,7,3,0.03,51055
2026-02-26T19:37:39.169380+00:00,KXNBAGAME-26FEB28TORWAS-WAS,bid,6,5,0.05,500
2026-02-26T19:37:39.169380+00:00,KXNBAGAME-26FEB28TORWAS-WAS,bid,5,7,0.07,12000
2026-02-26T19:37:39.169380+00:00,KXNBAGAME-26FEB28TORWAS-WAS,bid,4,8,0.08,15624
2026-02-26T19:37:39.169380+00:00,KXNBAGAME-26FEB28TORWAS-WAS,bid,3,11,0.11,500
2026-02-26T19:37:39.169380+00:00,KXNBAGAME-26FEB28TORWAS-WAS,bid,2,12,0.12,300
2026-02-26T19:37:39.169380+00:00,KXNBAGAME-26FEB28TORWAS-WAS,bid,1,13,0.13,675
2026-02-26T19:37:39.169380+00:00,KXNBAGAME-26FEB28TORWAS-WAS,bid,0,14,0.14,100
2026-02-26T19:43:42.508780+00:00,KXNBAGAME-26FEB28TORWAS-WAS,ask,0,1,0.01,12461
2026-02-26T19:43:42.508780+00:00,KXNBAGAME-26FEB28TORWAS-WAS,ask,1,2,0.02,5100
2026-02-26T19:43:42.508780+00:00,KXNBAGAME-26FEB28TORWAS-WAS,ask,2,3,0.03,50700
2026-02-26T19:43:42.508780+00:00,KXNBAGAME-26FEB28TORWAS-WAS,ask,3,5,0.05,841
2026-02-26T19:43:42.508780+00:00,KXNBAGAME-26FEB28TORWAS-WAS,ask,4,9,0.09,12
2026-02-26T19:43:42.508780+00:00,KXNBAGAME-26FEB28TORWAS-WAS,ask,5,12,0.12,500
2026-02-26T19:43:42.508780+00:00,KXNBAGAME-26FEB28TORWAS-WAS,ask,6,13,0.13,500
2026-02-26T19:43:42.508780+00:00,KXNBAGAME-26FEB28TORWAS-WAS,ask,7,14,0.14,580
2026-02-26T19:43:42.508780+00:00,KXNBAGAME-26FEB28TORWAS-WAS,ask,8,15,0.15,596
2026-02-26T19:43:42.508780+00:00,KXNBAGAME-26FEB28TORWAS-WAS,ask,9,16,0.16,20
2026-02-26T19:43:42.508780+00:00,KXNBAGAME-26FEB28TORWAS-WAS,ask,10,19,0.19,124
2026-02-26T19:43:42.508780+00:00,KXNBAGAME-26FEB28TORWAS-WAS,ask,11,25,0.25,66
2026-02-26T19:43:42.508780+00:00,KXNBAGAME-26FEB28TORWAS-WAS,ask,12,35,0.35,48
2026-02-26T19:43:42.508780+00:00,KXNBAGAME-26FEB28TORWAS-WAS,ask,13,36,0.36,1028
2026-02-26T19:43:42.508780+00:00,KXNBAGAME-26FEB28TORWAS-WAS,ask,14,54,0.54,203
2026-02-26T19:43:42.508780+00:00,KXNBAGAME-26FEB28TORWAS-WAS,ask,15,55,0.55,186
2026-02-26T19:43:42.508780+00:00,KXNBAGAME-26FEB28TORWAS-WAS,ask,16,56,0.56,178
2026-02-26T19:43:42.508780+00:00,KXNBAGAME-26FEB28TORWAS-WAS,ask,17,57,0.57,163
2026-02-26T19:43:42.508780+00:00,KXNBAGAME-26FEB28TORWAS-WAS,ask,18,58,0.58,135
2026-02-26T19:43:42.508780+00:00,KXNBAGAME-26FEB28TORWAS-WAS,ask,19,59,0.59,103
2026-02-26T19:43:42.508780+00:00,KXNBAGAME-26FEB28TORWAS-WAS,ask,20,68,0.68,2000
2026-02-26T19:43:42.508780+00:00,KXNBAGAME-26FEB28TORWAS-WAS,ask,21,74,0.74,1111
2026-02-26T19:43:42.508780+00:00,KXNBAGAME-26FEB28TORWAS-WAS,ask,22,75,0.75,106
2026-02-26T19:43:42.508780+00:00,KXNBAGAME-26FEB28TORWAS-WAS,ask,23,76,0.76,154
2026-02-26T19:43:42.508780+00:00,KXNBAGAME-26FEB28TORWAS-WAS,bid,9,1,0.01,12000
2026-02-26T19:43:42.508780+00:00,KXNBAGAME-26FEB28TORWAS-WAS,bid,8,2,0.02,6118
2026-02-26T19:43:42.508780+00:00,KXNBAGAME-26FEB28TORWAS-WAS,bid,7,3,0.03,51055
2026-02-26T19:43:42.508780+00:00,KXNBAGAME-26FEB28TORWAS-WAS,bid,6,5,0.05,500
2026-02-26T19:43:42.508780+00:00,KXNBAGAME-26FEB28TORWAS-WAS,bid,5,7,0.07,12000
2026-02-26T19:43:42.508780+00:00,KXNBAGAME-26FEB28TORWAS-WAS,bid,4,8,0.08,15624
2026-02-26T19:43:42.508780+00:00,KXNBAGAME-26FEB28TORWAS-WAS,bid,3,11,0.11,500
2026-02-26T19:43:42.508780+00:00,KXNBAGAME-26FEB28TORWAS-WAS,bid,2,12,0.12,300
2026-02-26T19:43:42.508780+00:00,KXNBAGAME-26FEB28TORWAS-WAS,bid,1,13,0.13,675
2026-02-26T19:43:42.508780+00:00,KXNBAGAME-26FEB28TORWAS-WAS,bid,0,14,0.14,100
2026-02-26T19:45:28.205727+00:00,KXNBAGAME-26FEB28TORWAS-WAS,ask,0,1,0.01,12461
2026-02-26T19:45:28.205727+00:00,KXNBAGAME-26FEB28TORWAS-WAS,ask,1,2,0.02,5100
2026-02-26T19:45:28.205727+00:00,KXNBAGAME-26FEB28TORWAS-WAS,ask,2,3,0.03,50700
2026-02-26T19:45:28.205727+00:00,KXNBAGAME-26FEB28TORWAS-WAS,ask,3,5,0.05,841
2026-02-26T19:45:28.205727+00:00,KXNBAGAME-26FEB28TORWAS-WAS,ask,4,6,0.06,549
2026-02-26T19:45:28.205727+00:00,KXNBAGAME-26FEB28TORWAS-WAS,ask,5,9,0.09,12
2026-02-26T19:45:28.205727+00:00,KXNBAGAME-26FEB28TORWAS-WAS,ask,6,12,0.12,500
2026-02-26T19:45:28.205727+00:00,KXNBAGAME-26FEB28TORWAS-WAS,ask,7,13,0.13,500
2026-02-26T19:45:28.205727+00:00,KXNBAGAME-26FEB28TORWAS-WAS,ask,8,15,0.15,112
2026-02-26T19:45:28.205727+00:00,KXNBAGAME-26FEB28TORWAS-WAS,ask,9,16,0.16,20
2026-02-26T19:45:28.205727+00:00,KXNBAGAME-26FEB28TORWAS-WAS,ask,10,19,0.19,124
2026-02-26T19:45:28.205727+00:00,KXNBAGAME-26FEB28TORWAS-WAS,ask,11,25,0.25,66
2026-02-26T19:45:28.205727+00:00,KXNBAGAME-26FEB28TORWAS-WAS,ask,12,35,0.35,48
2026-02-26T19:45:28.205727+00:00,KXNBAGAME-26FEB28TORWAS-WAS,ask,13,36,0.36,1041
2026-02-26T19:45:28.205727+00:00,KXNBAGAME-26FEB28TORWAS-WAS,ask,14,54,0.54,467
2026-02-26T19:45:28.205727+00:00,KXNBAGAME-26FEB28TORWAS-WAS,ask,15,55,0.55,428
