timestamp,market_ticker,side,level,price_cents,price_dollars,size
2026-02-26T14:15:31.931897+00:00,KXNBAGAME-26FEB28TORWAS-TOR,ask,0,1,0.01,8461
2026-02-26T14:15:31.931897+00:00,KXNBAGAME-26FEB28TORWAS-TOR,ask,1,2,0.02,2000
2026-02-26T14:15:31.931897+00:00,KXNBAGAME-26FEB28TORWAS-TOR,ask,2,3,0.03,500
2026-02-26T14:15:31.931897+00:00,KXNBAGAME-26FEB28TORWAS-TOR,ask,3,5,0.05,500
2026-02-26T14:15:31.931897+00:00,KXNBAGAME-26FEB28TORWAS-TOR,ask,4,12,0.12,500
2026-02-26T14:15:31.931897+00:00,KXNBAGAME-26FEB28TORWAS-TOR,ask,5,13,0.13,500
2026-02-26T14:15:31.931897+00:00,KXNBAGAME-26FEB28TORWAS-TOR,ask,6,16,0.16,20
2026-02-26T14:15:31.931897+00:00,KXNBAGAME-26FEB28TORWAS-TOR,bid,7,1,0.01,8000
2026-02-26T14:15:31.931897+00:00,KXNBAGAME-26FEB28TORWAS-TOR,bid,6,2,0.02,2000
2026-02-26T14:15:31.931897+00:00,KXNBAGAME-26FEB28TORWAS-TOR,bid,5,3,0.03,500
2026-02-26T14:15:31.931897+00:00,KXNBAGAME-26FEB28TORWAS-TOR,bid,4,5,0.05,500
2026-02-26T14:15:31.931897+00:00,KXNBAGAME-26FEB28TORWAS-TOR,bid,3,11,0.11,500
2026-02-26T14:15:31.931897+00:00,KXNBAGAME-26FEB28TORWAS-TOR,bid,2,12,0.12,300
2026-02-26T14:15:31.931897+00:00,KXNBAGAME-26FEB28TORWAS-TOR,bid,1,13,0.13,500
2026-02-26T14:15:31.931897+00:00,KXNBAGAME-26FEB28TORWAS-TOR,bid,0,14,0.14,125
2026-02-26T14:23:07.342824+00:00,KXNBAGAME-26FEB28TORWAS-TOR,ask,0,1,0.01,11461
2026-02-26T14:23:07.342824+00:00,KXNBAGAME-26FEB28TORWAS-TOR,ask,1,2,0.02,2000
2026-02-26T14:23:07.342824+00:00,KXNBAGAME-26FEB28TORWAS-TOR,ask,2,3,0.03,500
2026-02-26T14:23:07.342824+00:00,KXNBAGAME-26FEB28TORWAS-TOR,ask,3,5,0.05,500
2026-02-26T14:23:07.342824+00:00,KXNBAGAME-26FEB28TORWAS-TOR,ask,4,12,0.12,500
2026-02-26T14:23:07.342824+00:00,KXNBAGAME-26FEB28TORWAS-TOR,ask,5,13,0.13,500
2026-02-26T14:23:07.342824+00:00,KXNBAGAME-26FEB28TORWAS-TOR,ask,6,16,0.16,20
2026-02-26T14:23:07.342824+00:00,KXNBAGAME-26FEB28TORWAS-TOR,bid,7,1,0.01,11000
2026-02-26T14:23:07.342824+00:00,KXNBAGAME-26FEB28TORWAS-TOR,bid,6,2,0.02,2000
2026-02-26T14:23:07.342824+00:00,KXNBAGAME-26FEB28TORWAS-TOR,bid,5,3,0.03,500
2026-02-26T14:23:07.342824+00:00,KXNBAGAME-26FEB28TORWAS-TOR,bid,4,5,0.05,500
2026-02-26T14:23:07.342824+00:00,KXNBAGAME-26FEB28TORWAS-TOR,bid,3,11,0.11,500
2026-02-26T14:23:07.342824+00:00,KXNBAGAME-26FEB28TORWAS-TOR,bid,2,12,0.12,300
2026-02-26T14:23:07.342824+00:00,KXNBAGAME-26FEB28TORWAS-TOR,bid,1,13,0.13,500
2026-02-26T14:23:07.342824+00:00,KXNBAGAME-26FEB28TORWAS-TOR,bid,0,14,0.14,125
2026-02-26T14:30:43.228545+00:00,KXNBAGAME-26FEB28TORWAS-TOR,ask,0,1,0.01,11461
2026-02-26T14:30:43.228545+00:00,KXNBAGAME-26FEB28TORWAS-TOR,ask,1,2,0.02,2000
2026-02-26T14:30:43.228545+00:00,KXNBAGAME-26FEB28TORWAS-TOR,ask,2,3,0.03,500
2026-02-26T14:30:43.228545+00:00,KXNBAGAME-26FEB28TORWAS-TOR,ask,3,5,0.05,500
2026-02-26T14:30:43.228545+00:00,KXNBAGAME-26FEB28TORWAS-TOR,ask,4,12,0.12,500
2026-02-26T14:30:43.228545+00:00,KXNBAGAME-26FEB28TORWAS-TOR,ask,5,13,0.13,500
2026-02-26T14:30:43.228545+00:00,KXNBAGAME-26FEB28TORWAS-TOR,ask,6,16,0.16,20
2026-02-26T14:30:43.228545+00:00,KXNBAGAME-26FEB28TORWAS-TOR,bid,7,1,0.01,11000
2026-02-26T14:30:43.228545+00:00,KXNBAGAME-26FEB28TORWAS-TOR,bid,6,2,0.02,2000
2026-02-26T14:30:43.228545+00:00,KXNBAGAME-26FEB28TORWAS-TOR,bid,5,3,0.03,500
2026-02-26T14:30:43.228545+00:00,KXNBAGAME-26FEB28TORWAS-TOR,bid,4,5,0.05,500
2026-02-26T14:30:43.228545+00:00,KXNBAGAME-26FEB28TORWAS-TOR,bid,3,11,0.11,500
2026-02-26T14:30:43.228545+00:00,KXNBAGAME-26FEB28TORWAS-TOR,bid,2,12,0.12,300
2026-02-26T14:30:43.228545+00:00,KXNBAGAME-26FEB28TORWAS-TOR,bid,1,13,0.13,500
2026-02-26T14:30:43.228545+00:00,KXNBAGAME-26FEB28TORWAS-TOR,bid,0,14,0.14,125
2026-02-26T14:38:17.668632+00:00,KXNBAGAME-26FEB28TORWAS-TOR,ask,0,1,0.01,11461
2026-02-26T14:38:17.668632+00:00,KXNBAGAME-26FEB28TORWAS-TOR,ask,1,2,0.02,4500
2026-02-26T14:38:17.668632+00:00,KXNBAGAME-26FEB28TORWAS-TOR,ask,2,3,0.03,500
2026-02-26T14:38:17.668632+00:00,KXNBAGAME-26FEB28TORWAS-TOR,ask,3,5,0.05,500
2026-02-26T14:38:17.668632+00:00,KXNBAGAME-26FEB28TORWAS-TOR,ask,4,12,0.12,500
2026-02-26T14:38:17.668632+00:00,KXNBAGAME-26FEB28TORWAS-TOR,ask,5,13,0.13,500
2026-02-26T14:38:17.668632+00:00,KXNBAGAME-26FEB28TORWAS-TOR,ask,6,16,0.16,20
2026-02-26T14:38:17.668632+00:00,KXNBAGAME-26FEB28TORWAS-TOR,bid,7,1,0.01,11000
2026-02-26T14:38:17.668632+00:00,KXNBAGAME-26FEB28TORWAS-TOR,bid,6,2,0.02,4500
2026-02-26T14:38:17.668632+00:00,KXNBAGAME-26FEB28TORWAS-TOR,bid,5,3,0.03,500
2026-02-26T14:38:17.668632+00:00,KXNBAGAME-26FEB28TORWAS-TOR,bid,4,5,0.05,500
2026-02-26T14:38:17.668632+00:00,KXNBAGAME-26FEB28TORWAS-TOR,bid,3,11,0.11,500
2026-02-26T14:38:17.668632+00:00,KXNBAGAME-26FEB28TORWAS-TOR,bid,2,12,0.12,300
2026-02-26T14:38:17.668632+00:00,KXNBAGAME-26FEB28TORWAS-TOR,bid,1,13,0.13,500
2026-02-26T14:38:17.668632+00:00,KXNBAGAME-26FEB28TORWAS-TOR,bid,0,14,0.14,125
2026-02-26T14:45:53.160012+00:00,KXNBAGAME-26FEB28TORWAS-TOR,ask,0,1,0.01,11461
2026-02-26T14:45:53.160012+00:00,KXNBAGAME-26FEB28TORWAS-TOR,ask,1,2,0.02,4500
2026-02-26T14:45:53.160012+00:00,KXNBAGAME-26FEB28TORWAS-TOR,ask,2,3,0.03,500
2026-02-26T14:45:53.160012+00:00,KXNBAGAME-26FEB28TORWAS-TOR,ask,3,5,0.05,500
2026-02-26T14:45:53.160012+00:00,KXNBAGAME-26FEB28TORWAS-TOR,ask,4,12,0.12,500
2026-02-26T14:45:53.160012+00:00,KXNBAGAME-26FEB28TORWAS-TOR,ask,5,13,0.13,500
2026-02-26T14:45:53.160012+00:00,KXNBAGAME-26FEB28TORWAS-TOR,ask,6,16,0.16,20
2026-02-26T14:45:53.160012+00:00,KXNBAGAME-26FEB28TORWAS-TOR,bid,7,1,0.01,11000
2026-02-26T14:45:53.160012+00:00,KXNBAGAME-26FEB28TORWAS-TOR,bid,6,2,0.02,4500
2026-02-26T14:45:53.160012+00:00,KXNBAGAME-26FEB28TORWAS-TOR,bid,5,3,0.03,500
2026-02-26T14:45:53.160012+00:00,KXNBAGAME-26FEB28TORWAS-TOR,bid,4,5,0.05,500
2026-02-26T14:45:53.160012+00:00,KXNBAGAME-26FEB28TORWAS-TOR,bid,3,11,0.11,500
2026-02-26T14:45:53.160012+00:00,KXNBAGAME-26FEB28TORWAS-TOR,bid,2,12,0.12,300
2026-02-26T14:45:53.160012+00:00,KXNBAGAME-26FEB28TORWAS-TOR,bid,1,13,0.13,500
2026-02-26T14:45:53.160012+00:00,KXNBAGAME-26FEB28TORWAS-TOR,bid,0,14,0.14,125
2026-02-26T14:53:27.856842+00:00,KXNBAGAME-26FEB28TORWAS-TOR,ask,0,1,0.01,11461
2026-02-26T14:53:27.856842+00:00,KXNBAGAME-26FEB28TORWAS-TOR,ask,1,2,0.02,4500
2026-02-26T14:53:27.856842+00:00,KXNBAGAME-26FEB28TORWAS-TOR,ask,2,3,0.03,500
2026-02-26T14:53:27.856842+00:00,KXNBAGAME-26FEB28TORWAS-TOR,ask,3,5,0.05,500
2026-02-26T14:53:27.856842+00:00,KXNBAGAME-26FEB28TORWAS-TOR,ask,4,12,0.12,500
2026-02-26T14:53:27.856842+00:00,KXNBAGAME-26FEB28TORWAS-TOR,ask,5,13,0.13,500
2026-02-26T14:53:27.856842+00:00,KXNBAGAME-26FEB28TORWAS-TOR,ask,6,16,0.16,20
2026-02-26T14:53:27.856842+00:00,KXNBAGAME-26FEB28TORWAS-TOR,bid,7,1,0.01,11000
2026-02-26T14:53:27.856842+00:00,KXNBAGAME-26FEB28TORWAS-TOR,bid,6,2,0.02,4500
2026-02-26T14:53:27.856842+00:00,KXNBAGAME-26FEB28TORWAS-TOR,bid,5,3,0.03,500
2026-02-26T14:53:27.856842+00:00,KXNBAGAME-26FEB28TORWAS-TOR,bid,4,5,0.05,500
2026-02-26T14:53:27.856842+00:00,KXNBAGAME-26FEB28TORWAS-TOR,bid,3,11,0.11,500
2026-02-26T14:53:27.856842+00:00,KXNBAGAME-26FEB28TORWAS-TOR,bid,2,12,0.12,300
2026-02-26T14:53:27.856842+00:00,KXNBAGAME-26FEB28TORWAS-TOR,bid,1,13,0.13,500
2026-02-26T14:53:27.856842+00:00,KXNBAGAME-26FEB28TORWAS-TOR,bid,0,14,0.14,125
2026-02-26T15:01:03.196125+00:00,KXNBAGAME-26FEB28TORWAS-TOR,ask,0,1,0.01,11461
2026-02-26T15:01:03.196125+00:00,KXNBAGAME-26FEB28TORWAS-TOR,ask,1,2,0.02,4500
2026-02-26T15:01:03.196125+00:00,KXNBAGAME-26FEB28TORWAS-TOR,ask,2,3,0.03,500
2026-02-26T15:01:03.196125+00:00,KXNBAGAME-26FEB28TORWAS-TOR,ask,3,5,0.05,500
2026-02-26T15:01:03.196125+00:00,KXNBAGAME-26FEB28TORWAS-TOR,ask,4,12,0.12,500
2026-02-26T15:01:03.196125+00:00,KXNBAGAME-26FEB28TORWAS-TOR,ask,5,13,0.13,500
2026-02-26T15:01:03.196125+00:00,KXNBAGAME-26FEB28TORWAS-TOR,ask,6,16,0.16,20
2026-02-26T15:01:03.196125+00:00,KXNBAGAME-26FEB28TORWAS-TOR,bid,7,1,0.01,11000
2026-02-26T15:01:03.196125+00:00,KXNBAGAME-26FEB28TORWAS-TOR,bid,6,2,0.02,4500
2026-02-26T15:01:03.196125+00:00,KXNBAGAME-26FEB28TORWAS-TOR,bid,5,3,0.03,500
2026-02-26T15:01:03.196125+00:00,KXNBAGAME-26FEB28TORWAS-TOR,bid,4,5,0.05,500
2026-02-26T15:01:03.196125+00:00,KXNBAGAME-26FEB28TORWAS-TOR,bid,3,11,0.11,500
2026-02-26T15:01:03.196125+00:00,KXNBAGAME-26FEB28TORWAS-TOR,bid,2,12,0.12,300
2026-02-26T15:01:03.196125+00:00,KXNBAGAME-26FEB28TORWAS-TOR,bid,1,13,0.13,500
2026-02-26T15:01:03.196125+00:00,KXNBAGAME-26FEB28TORWAS-TOR,bid,0,14,0.14,125
2026-02-26T15:08:37.824797+00:00,KXNBAGAME-26FEB28TORWAS-TOR,ask,0,1,0.01,11461
2026-02-26T15:08:37.824797+00:00,KXNBAGAME-26FEB28TORWAS-TOR,ask,1,2,0.02,5514
2026-02-26T15:08:37.824797+00:00,KXNBAGAME-26FEB28TORWAS-TOR,ask,2,3,0.03,500
2026-02-26T15:08:37.824797+00:00,KXNBAGAME-26FEB28TORWAS-TOR,ask,3,5,0.05,500
2026-02-26T15:08:37.824797+00:00,KXNBAGAME-26FEB28TORWAS-TOR,ask,4,7,0.07,12000
2026-02-26T15:08:37.824797+00:00,KXNBAGAME-26FEB28TORWAS-TOR,ask,5,12,0.12,500
2026-02-26T15:08:37.824797+00:00,KXNBAGAME-26FEB28TORWAS-TOR,ask,6,13,0.13,500
2026-02-26T15:08:37.824797+00:00,KXNBAGAME-26FEB28TORWAS-TOR,ask,7,16,0.16,20
2026-02-26T15:08:37.824797+00:00,KXNBAGAME-26FEB28TORWAS-TOR,ask,8,22,0.22,-4900
2026-02-26T15:08:37.824797+00:00,KXNBAGAME-26FEB28TORWAS-TOR,ask,9,23,0.23,36
2026-02-26T15:08:37.824797+00:00,KXNBAGAME-26FEB28TORWAS-TOR,bid,8,1,0.01,11000
2026-02-26T15:08:37.824797+00:00,KXNBAGAME-26FEB28TORWAS-TOR,bid,7,2,0.02,5514
2026-02-26T15:08:37.824797+00:00,KXNBAGAME-26FEB28TORWAS-TOR,bid,6,3,0.03,500
2026-02-26T15:08:37.824797+00:00,KXNBAGAME-26FEB28TORWAS-TOR,bid,5,5,0.05,500
2026-02-26T15:08:37.824797+00:00,KXNBAGAME-26FEB28TORWAS-TOR,bid,4,11,0.11,500
2026-02-26T15:08:37.824797+00:00,KXNBAGAME-26FEB28TORWAS-TOR,bid,3,12,0.12,300
2026-02-26T15:08:37.824797+00:00,KXNBAGAME-26FEB28TORWAS-TOR,bid,2,13,0.13,500
2026-02-26T15:08:37.824797+00:00,KXNBAGAME-26FEB28TORWAS-TOR,bid,1,14,0.14,125
2026-02-26T15:08:37.824797+00:00,KXNBAGAME-26FEB28TORWAS-TOR,bid,0,68,0.68,2000
2026-02-26T15:16:13.226803+00:00,KXNBAGAME-26FEB28TORWAS-TOR,ask,0,1,0.01,11461
2026-02-26T15:16:13.226803+00:00,KXNBAGAME-26FEB28TORWAS-TOR,ask,1,2,0.02,5514
2026-02-26T15:16:13.226803+00:00,KXNBAGAME-26FEB28TORWAS-TOR,ask,2,3,0.03,500
2026-02-26T15:16:13.226803+00:00,KXNBAGAME-26FEB28TORWAS-TOR,ask,3,5,0.05,500
2026-02-26T15:16:13.226803+00:00,KXNBAGAME-26FEB28TORWAS-TOR,ask,4,7,0.07,12000
2026-02-26T15:16:13.226803+00:00,KXNBAGAME-26FEB28TORWAS-TOR,ask,5,12,0.12,500
2026-02-26T15:16:13.226803+00:00,KXNBAGAME-26FEB28TORWAS-TOR,ask,6,13,0.13,500
2026-02-26T15:16:13.226803+00:00,KXNBAGAME-26FEB28TORWAS-TOR,ask,7,16,0.16,20
2026-02-26T15:16:13.226803+00:00,KXNBAGAME-26FEB28TORWAS-TOR,ask,8,22,0.22,5376
2026-02-26T15:16:13.226803+00:00,KXNBAGAME-26FEB28TORWAS-TOR,ask,9,23,0.23,35
2026-02-26T15:16:13.226803+00:00,KXNBAGAME-26FEB28TORWAS-TOR,bid,7,1,0.01,11000
2026-02-26T15:16:13.226803+00:00,KXNBAGAME-26FEB28TORWAS-TOR,bid,6,2,0.02,5514
2026-02-26T15:16:13.226803+00:00,KXNBAGAME-26FEB28TORWAS-TOR,bid,5,3,0.03,500
2026-02-26T15:16:13.226803+00:00,KXNBAGAME-26FEB28TORWAS-TOR,bid,4,5,0.05,500
2026-02-26T15:16:13.226803+00:00,KXNBAGAME-26FEB28TORWAS-TOR,bid,3,11,0.11,500
2026-02-26T15:16:13.226803+00:00,KXNBAGAME-26FEB28TORWAS-TOR,bid,2,12,0.12,300
2026-02-26T15:16:13.226803+00:00,KXNBAGAME-26FEB28TORWAS-TOR,bid,1,13,0.13,500
2026-02-26T15:16:13.226803+00:00,KXNBAGAME-26FEB28TORWAS-TOR,bid,0,68,0.68,2125
2026-02-26T15:23:47.842203+00:00,KXNBAGAME-26FEB28TORWAS-TOR,ask,0,1,0.01,11461
2026-02-26T15:23:47.842203+00:00,KXNBAGAME-26FEB28TORWAS-TOR,ask,1,2,0.02,5514
2026-02-26T15:23:47.842203+00:00,KXNBAGAME-26FEB28TORWAS-TOR,ask,2,3,0.03,500
2026-02-26T15:23:47.842203+00:00,KXNBAGAME-26FEB28TORWAS-TOR,ask,3,5,0.05,500
2026-02-26T15:23:47.842203+00:00,KXNBAGAME-26FEB28TORWAS-TOR,ask,4,7,0.07,12000
2026-02-26T15:23:47.842203+00:00,KXNBAGAME-26FEB28TORWAS-TOR,ask,5,8,0.08,522
2026-02-26T15:23:47.842203+00:00,KXNBAGAME-26FEB28TORWAS-TOR,ask,6,12,0.12,960
2026-02-26T15:23:47.842203+00:00,KXNBAGAME-26FEB28TORWAS-TOR,ask,7,13,0.13,500
2026-02-26T15:23:47.842203+00:00,KXNBAGAME-26FEB28TORWAS-TOR,ask,8,16,0.16,20
2026-02-26T15:23:47.842203+00:00,KXNBAGAME-26FEB28TORWAS-TOR,ask,9,21,0.21,749
2026-02-26T15:23:47.842203+00:00,KXNBAGAME-26FEB28TORWAS-TOR,ask,10,22,0.22,5223
2026-02-26T15:23:47.842203+00:00,KXNBAGAME-26FEB28TORWAS-TOR,bid,9,1,0.01,11000
2026-02-26T15:23:47.842203+00:00,KXNBAGAME-26FEB28TORWAS-TOR,bid,8,2,0.02,5514
2026-02-26T15:23:47.842203+00:00,KXNBAGAME-26FEB28TORWAS-TOR,bid,7,3,0.03,500
2026-02-26T15:23:47.842203+00:00,KXNBAGAME-26FEB28TORWAS-TOR,bid,6,5,0.05,500
2026-02-26T15:23:47.842203+00:00,KXNBAGAME-26FEB28TORWAS-TOR,bid,5,11,0.11,500
2026-02-26T15:23:47.842203+00:00,KXNBAGAME-26FEB28TORWAS-TOR,bid,4,12,0.12,300
2026-02-26T15:23:47.842203+00:00,KXNBAGAME-26FEB28TORWAS-TOR,bid,3,13,0.13,947
2026-02-26T15:23:47.842203+00:00,KXNBAGAME-26FEB28TORWAS-TOR,bid,2,14,0.14,561
2026-02-26T15:23:47.842203+00:00,KXNBAGAME-26FEB28TORWAS-TOR,bid,1,68,0.68,2000
2026-02-26T15:23:47.842203+00:00,KXNBAGAME-26FEB28TORWAS-TOR,bid,0,69,0.69,175
2026-02-26T15:31:44.936653+00:00,KXNBAGAME-26FEB28TORWAS-TOR,ask,0,1,0.01,11461
2026-02-26T15:31:44.936653+00:00,KXNBAGAME-26FEB28TORWAS-TOR,ask,1,2,0.02,5514
2026-02-26T15:31:44.936653+00:00,KXNBAGAME-26FEB28TORWAS-TOR,ask,2,3,0.03,500
2026-02-26T15:31:44.936653+00:00,KXNBAGAME-26FEB28TORWAS-TOR,ask,3,5,0.05,500
2026-02-26T15:31:44.936653+00:00,KXNBAGAME-26FEB28TORWAS-TOR,ask,4,7,0.07,12000
2026-02-26T15:31:44.936653+00:00,KXNBAGAME-26FEB28TORWAS-TOR,ask,5,8,0.08,522
2026-02-26T15:31:44.936653+00:00,KXNBAGAME-26FEB28TORWAS-TOR,ask,6,12,0.12,960
2026-02-26T15:31:44.936653+00:00,KXNBAGAME-26FEB28TORWAS-TOR,ask,7,13,0.13,500
2026-02-26T15:31:44.936653+00:00,KXNBAGAME-26FEB28TORWAS-TOR,ask,8,16,0.16,20
2026-02-26T15:31:44.936653+00:00,KXNBAGAME-26FEB28TORWAS-TOR,ask,9,21,0.21,976
2026-02-26T15:31:44.936653+00:00,KXNBAGAME-26FEB28TORWAS-TOR,ask,10,22,0.22,5213
2026-02-26T15:31:44.936653+00:00,KXNBAGAME-26FEB28TORWAS-TOR,bid,9,1,0.01,11000
2026-02-26T15:31:44.936653+00:00,KXNBAGAME-26FEB28TORWAS-TOR,bid,8,2,0.02,5514
2026-02-26T15:31:44.936653+00:00,KXNBAGAME-26FEB28TORWAS-TOR,bid,7,3,0.03,500
2026-02-26T15:31:44.936653+00:00,KXNBAGAME-26FEB28TORWAS-TOR,bid,6,5,0.05,500
2026-02-26T15:31:44.936653+00:00,KXNBAGAME-26FEB28TORWAS-TOR,bid,5,11,0.11,500
2026-02-26T15:31:44.936653+00:00,KXNBAGAME-26FEB28TORWAS-TOR,bid,4,12,0.12,300
2026-02-26T15:31:44.936653+00:00,KXNBAGAME-26FEB28TORWAS-TOR,bid,3,13,0.13,947
2026-02-26T15:31:44.936653+00:00,KXNBAGAME-26FEB28TORWAS-TOR,bid,2,14,0.14,561
2026-02-26T15:31:44.936653+00:00,KXNBAGAME-26FEB28TORWAS-TOR,bid,1,68,0.68,2000
2026-02-26T15:31:44.936653+00:00,KXNBAGAME-26FEB28TORWAS-TOR,bid,0,69,0.69,125
2026-02-26T15:39:41.251298+00:00,KXNBAGAME-26FEB28TORWAS-TOR,ask,0,1,0.01,11461
2026-02-26T15:39:41.251298+00:00,KXNBAGAME-26FEB28TORWAS-TOR,ask,1,2,0.02,5514
2026-02-26T15:39:41.251298+00:00,KXNBAGAME-26FEB28TORWAS-TOR,ask,2,3,0.03,500
2026-02-26T15:39:41.251298+00:00,KXNBAGAME-26FEB28TORWAS-TOR,ask,3,5,0.05,500
2026-02-26T15:39:41.251298+00:00,KXNBAGAME-26FEB28TORWAS-TOR,ask,4,7,0.07,12000
2026-02-26T15:39:41.251298+00:00,KXNBAGAME-26FEB28TORWAS-TOR,ask,5,8,0.08,522
2026-02-26T15:39:41.251298+00:00,KXNBAGAME-26FEB28TORWAS-TOR,ask,6,9,0.09,12
2026-02-26T15:39:41.251298+00:00,KXNBAGAME-26FEB28TORWAS-TOR,ask,7,12,0.12,960
2026-02-26T15:39:41.251298+00:00,KXNBAGAME-26FEB28TORWAS-TOR,ask,8,13,0.13,500
2026-02-26T15:39:41.251298+00:00,KXNBAGAME-26FEB28TORWAS-TOR,ask,9,16,0.16,20
2026-02-26T15:39:41.251298+00:00,KXNBAGAME-26FEB28TORWAS-TOR,ask,10,19,0.19,124
2026-02-26T15:39:41.251298+00:00,KXNBAGAME-26FEB28TORWAS-TOR,ask,11,21,0.21,976
2026-02-26T15:39:41.251298+00:00,KXNBAGAME-26FEB28TORWAS-TOR,ask,12,22,0.22,5213
2026-02-26T15:39:41.251298+00:00,KXNBAGAME-26FEB28TORWAS-TOR,ask,13,23,0.23,113
2026-02-26T15:39:41.251298+00:00,KXNBAGAME-26FEB28TORWAS-TOR,bid,9,1,0.01,11000
2026-02-26T15:39:41.251298+00:00,KXNBAGAME-26FEB28TORWAS-TOR,bid,8,2,0.02,5514
2026-02-26T15:39:41.251298+00:00,KXNBAGAME-26FEB28TORWAS-TOR,bid,7,3,0.03,500
2026-02-26T15:39:41.251298+00:00,KXNBAGAME-26FEB28TORWAS-TOR,bid,6,5,0.05,500
2026-02-26T15:39:41.251298+00:00,KXNBAGAME-26FEB28TORWAS-TOR,bid,5,11,0.11,500
2026-02-26T15:39:41.251298+00:00,KXNBAGAME-26FEB28TORWAS-TOR,bid,4,12,0.12,300
2026-02-26T15:39:41.251298+00:00,KXNBAGAME-26FEB28TORWAS-TOR,bid,3,13,0.13,947
2026-02-26T15:39:41.251298+00:00,KXNBAGAME-26FEB28TORWAS-TOR,bid,2,14,0.14,561
2026-02-26T15:39:41.251298+00:00,KXNBAGAME-26FEB28TORWAS-TOR,bid,1,68,0.68,2000
2026-02-26T15:39:41.251298+00:00,KXNBAGAME-26FEB28TORWAS-TOR,bid,0,69,0.69,125
2026-02-26T15:47:38.207006+00:00,KXNBAGAME-26FEB28TORWAS-TOR,ask,0,1,0.01,11461
2026-02-26T15:47:38.207006+00:00,KXNBAGAME-26FEB28TORWAS-TOR,ask,1,2,0.02,5514
2026-02-26T15:47:38.207006+00:00,KXNBAGAME-26FEB28TORWAS-TOR,ask,2,3,0.03,500
2026-02-26T15:47:38.207006+00:00,KXNBAGAME-26FEB28TORWAS-TOR,ask,3,5,0.05,500
2026-02-26T15:47:38.207006+00:00,KXNBAGAME-26FEB28TORWAS-TOR,ask,4,7,0.07,12000
2026-02-26T15:47:38.207006+00:00,KXNBAGAME-26FEB28TORWAS-TOR,ask,5,8,0.08,522
2026-02-26T15:47:38.207006+00:00,KXNBAGAME-26FEB28TORWAS-TOR,ask,6,9,0.09,548
2026-02-26T15:47:38.207006+00:00,KXNBAGAME-26FEB28TORWAS-TOR,ask,7,12,0.12,500
2026-02-26T15:47:38.207006+00:00,KXNBAGAME-26FEB28TORWAS-TOR,ask,8,13,0.13,500
2026-02-26T15:47:38.207006+00:00,KXNBAGAME-26FEB28TORWAS-TOR,ask,9,16,0.16,20
2026-02-26T15:47:38.207006+00:00,KXNBAGAME-26FEB28TORWAS-TOR,ask,10,19,0.19,124
2026-02-26T15:47:38.207006+00:00,KXNBAGAME-26FEB28TORWAS-TOR,ask,11,21,0.21,976
2026-02-26T15:47:38.207006+00:00,KXNBAGAME-26FEB28TORWAS-TOR,ask,12,22,0.22,5306
2026-02-26T15:47:38.207006+00:00,KXNBAGAME-26FEB28TORWAS-TOR,bid,10,1,0.01,11000
2026-02-26T15:47:38.207006+00:00,KXNBAGAME-26FEB28TORWAS-TOR,bid,9,2,0.02,5514
2026-02-26T15:47:38.207006+00:00,KXNBAGAME-26FEB28TORWAS-TOR,bid,8,3,0.03,500
2026-02-26T15:47:38.207006+00:00,KXNBAGAME-26FEB28TORWAS-TOR,bid,7,5,0.05,500
2026-02-26T15:47:38.207006+00:00,KXNBAGAME-26FEB28TORWAS-TOR,bid,6,11,0.11,500
2026-02-26T15:47:38.207006+00:00,KXNBAGAME-26FEB28TORWAS-TOR,bid,5,12,0.12,300
2026-02-26T15:47:38.207006+00:00,KXNBAGAME-26FEB28TORWAS-TOR,bid,4,13,0.13,947
2026-02-26T15:47:38.207006+00:00,KXNBAGAME-26FEB28TORWAS-TOR,bid,3,14,0.14,561
2026-02-26T15:47:38.207006+00:00,KXNBAGAME-26FEB28TORWAS-TOR,bid,2,68,0.68,2000
2026-02-26T15:47:38.207006+00:00,KXNBAGAME-26FEB28TORWAS-TOR,bid,1,70,0.7,5
2026-02-26T15:47:38.207006+00:00,KXNBAGAME-26FEB28TORWAS-TOR,bid,0,71,0.71,125
2026-02-26T15:55:35.302492+00:00,KXNBAGAME-26FEB28TORWAS-TOR,ask,0,1,0.01,11461
2026-02-26T15:55:35.302492+00:00,KXNBAGAME-26FEB28TORWAS-TOR,ask,1,2,0.02,5514
2026-02-26T15:55:35.302492+00:00,KXNBAGAME-26FEB28TORWAS-TOR,ask,2,3,0.03,500
2026-02-26T15:55:35.302492+00:00,KXNBAGAME-26FEB28TORWAS-TOR,ask,3,5,0.05,500
2026-02-26T15:55:35.302492+00:00,KXNBAGAME-26FEB28TORWAS-TOR,ask,4,7,0.07,12000
2026-02-26T15:55:35.302492+00:00,KXNBAGAME-26FEB28TORWAS-TOR,ask,5,8,0.08,522
2026-02-26T15:55:35.302492+00:00,KXNBAGAME-26FEB28TORWAS-TOR,ask,6,9,0.09,548
2026-02-26T15:55:35.302492+00:00,KXNBAGAME-26FEB28TORWAS-TOR,ask,7,12,0.12,500
2026-02-26T15:55:35.302492+00:00,KXNBAGAME-26FEB28TORWAS-TOR,ask,8,13,0.13,500
2026-02-26T15:55:35.302492+00:00,KXNBAGAME-26FEB28TORWAS-TOR,ask,9,16,0.16,20
2026-02-26T15:55:35.302492+00:00,KXNBAGAME-26FEB28TORWAS-TOR,ask,10,19,0.19,124
2026-02-26T15:55:35.302492+00:00,KXNBAGAME-26FEB28TORWAS-TOR,ask,11,21,0.21,976
2026-02-26T15:55:35.302492+00:00,KXNBAGAME-26FEB28TORWAS-TOR,ask,12,22,0.22,5306
2026-02-26T15:55:35.302492+00:00,KXNBAGAME-26FEB28TORWAS-TOR,bid,10,1,0.01,11000
2026-02-26T15:55:35.302492+00:00,KXNBAGAME-26FEB28TORWAS-TOR,bid,9,2,0.02,5514
2026-02-26T15:55:35.302492+00:00,KXNBAGAME-26FEB28TORWAS-TOR,bid,8,3,0.03,500
2026-02-26T15:55:35.302492+00:00,KXNBAGAME-26FEB28TORWAS-TOR,bid,7,5,0.05,500
2026-02-26T15:55:35.302492+00:00,KXNBAGAME-26FEB28TORWAS-TOR,bid,6,11,0.11,500
2026-02-26T15:55:35.302492+00:00,KXNBAGAME-26FEB28TORWAS-TOR,bid,5,12,0.12,300
2026-02-26T15:55:35.302492+00:00,KXNBAGAME-26FEB28TORWAS-TOR,bid,4,13,0.13,947
2026-02-26T15:55:35.302492+00:00,KXNBAGAME-26FEB28TORWAS-TOR,bid,3,14,0.14,561
2026-02-26T15:55:35.302492+00:00,KXNBAGAME-26FEB28TORWAS-TOR,bid,2,68,0.68,2000
2026-02-26T15:55:35.302492+00:00,KXNBAGAME-26FEB28TORWAS-TOR,bid,1,70,0.7,5
2026-02-26T15:55:35.302492+00:00,KXNBAGAME-26FEB28TORWAS-TOR,bid,0,71,0.71,125
2026-02-26T16:03:32.717612+00:00,KXNBAGAME-26FEB28TORWAS-TOR,ask,0,1,0.01,11461
2026-02-26T16:03:32.717612+00:00,KXNBAGAME-26FEB28TORWAS-TOR,ask,1,2,0.02,4500
2026-02-26T16:03:32.717612+00:00,KXNBAGAME-26FEB28TORWAS-TOR,ask,2,3,0.03,500
2026-02-26T16:03:32.717612+00:00,KXNBAGAME-26FEB28TORWAS-TOR,ask,3,4,0.04,1258
2026-02-26T16:03:32.717612+00:00,KXNBAGAME-26FEB28TORWAS-TOR,ask,4,5,0.05,500
2026-02-26T16:03:32.717612+00:00,KXNBAGAME-26FEB28TORWAS-TOR,ask,5,7,0.07,12000
2026-02-26T16:03:32.717612+00:00,KXNBAGAME-26FEB28TORWAS-TOR,ask,6,8,0.08,522
2026-02-26T16:03:32.717612+00:00,KXNBAGAME-26FEB28TORWAS-TOR,ask,7,9,0.09,548
2026-02-26T16:03:32.717612+00:00,KXNBAGAME-26FEB28TORWAS-TOR,ask,8,12,0.12,500
2026-02-26T16:03:32.717612+00:00,KXNBAGAME-26FEB28TORWAS-TOR,ask,9,13,0.13,500
2026-02-26T16:03:32.717612+00:00,KXNBAGAME-26FEB28TORWAS-TOR,ask,10,16,0.16,20
2026-02-26T16:03:32.717612+00:00,KXNBAGAME-26FEB28TORWAS-TOR,ask,11,19,0.19,124
2026-02-26T16:03:32.717612+00:00,KXNBAGAME-26FEB28TORWAS-TOR,ask,12,21,0.21,976
2026-02-26T16:03:32.717612+00:00,KXNBAGAME-26FEB28TORWAS-TOR,ask,13,22,0.22,5306
2026-02-26T16:03:32.717612+00:00,KXNBAGAME-26FEB28TORWAS-TOR,bid,11,1,0.01,11000
2026-02-26T16:03:32.717612+00:00,KXNBAGAME-26FEB28TORWAS-TOR,bid,10,2,0.02,4500
2026-02-26T16:03:32.717612+00:00,KXNBAGAME-26FEB28TORWAS-TOR,bid,9,3,0.03,500
2026-02-26T16:03:32.717612+00:00,KXNBAGAME-26FEB28TORWAS-TOR,bid,8,5,0.05,500
2026-02-26T16:03:32.717612+00:00,KXNBAGAME-26FEB28TORWAS-TOR,bid,7,11,0.11,500
2026-02-26T16:03:32.717612+00:00,KXNBAGAME-26FEB28TORWAS-TOR,bid,6,12,0.12,300
2026-02-26T16:03:32.717612+00:00,KXNBAGAME-26FEB28TORWAS-TOR,bid,5,13,0.13,947
2026-02-26T16:03:32.717612+00:00,KXNBAGAME-26FEB28TORWAS-TOR,bid,4,14,0.14,561
2026-02-26T16:03:32.717612+00:00,KXNBAGAME-26FEB28TORWAS-TOR,bid,3,15,0.15,2467
2026-02-26T16:03:32.717612+00:00,KXNBAGAME-26FEB28TORWAS-TOR,bid,2,68,0.68,2000
2026-02-26T16:03:32.717612+00:00,KXNBAGAME-26FEB28TORWAS-TOR,bid,1,70,0.7,5
2026-02-26T16:03:32.717612+00:00,KXNBAGAME-26FEB28TORWAS-TOR,bid,0,71,0.71,125
2026-02-26T16:11:29.662577+00:00,KXNBAGAME-26FEB28TORWAS-TOR,ask,0,1,0.01,11461
2026-02-26T16:11:29.662577+00:00,KXNBAGAME-26FEB28TORWAS-TOR,ask,1,2,0.02,4500
2026-02-26T16:11:29.662577+00:00,KXNBAGAME-26FEB28TORWAS-TOR,ask,2,3,0.03,500
2026-02-26T16:11:29.662577+00:00,KXNBAGAME-26FEB28TORWAS-TOR,ask,3,4,0.04,1258
2026-02-26T16:11:29.662577+00:00,KXNBAGAME-26FEB28TORWAS-TOR,ask,4,5,0.05,500
2026-02-26T16:11:29.662577+00:00,KXNBAGAME-26FEB28TORWAS-TOR,ask,5,7,0.07,12000
2026-02-26T16:11:29.662577+00:00,KXNBAGAME-26FEB28TORWAS-TOR,ask,6,8,0.08,522
2026-02-26T16:11:29.662577+00:00,KXNBAGAME-26FEB28TORWAS-TOR,ask,7,9,0.09,548
2026-02-26T16:11:29.662577+00:00,KXNBAGAME-26FEB28TORWAS-TOR,ask,8,12,0.12,500
2026-02-26T16:11:29.662577+00:00,KXNBAGAME-26FEB28TORWAS-TOR,ask,9,13,0.13,500
2026-02-26T16:11:29.662577+00:00,KXNBAGAME-26FEB28TORWAS-TOR,ask,10,16,0.16,20
2026-02-26T16:11:29.662577+00:00,KXNBAGAME-26FEB28TORWAS-TOR,ask,11,19,0.19,124
2026-02-26T16:11:29.662577+00:00,KXNBAGAME-26FEB28TORWAS-TOR,ask,12,21,0.21,355
2026-02-26T16:11:29.662577+00:00,KXNBAGAME-26FEB28TORWAS-TOR,ask,13,22,0.22,4898
2026-02-26T16:11:29.662577+00:00,KXNBAGAME-26FEB28TORWAS-TOR,bid,13,1,0.01,11000
2026-02-26T16:11:29.662577+00:00,KXNBAGAME-26FEB28TORWAS-TOR,bid,12,2,0.02,4500
2026-02-26T16:11:29.662577+00:00,KXNBAGAME-26FEB28TORWAS-TOR,bid,11,3,0.03,500
2026-02-26T16:11:29.662577+00:00,KXNBAGAME-26FEB28TORWAS-TOR,bid,10,5,0.05,500
2026-02-26T16:11:29.662577+00:00,KXNBAGAME-26FEB28TORWAS-TOR,bid,9,11,0.11,500
2026-02-26T16:11:29.662577+00:00,KXNBAGAME-26FEB28TORWAS-TOR,bid,8,12,0.12,300
2026-02-26T16:11:29.662577+00:00,KXNBAGAME-26FEB28TORWAS-TOR,bid,7,13,0.13,500
2026-02-26T16:11:29.662577+00:00,KXNBAGAME-26FEB28TORWAS-TOR,bid,6,14,0.14,411
2026-02-26T16:11:29.662577+00:00,KXNBAGAME-26FEB28TORWAS-TOR,bid,5,15,0.15,2467
2026-02-26T16:11:29.662577+00:00,KXNBAGAME-26FEB28TORWAS-TOR,bid,4,16,0.16,590
2026-02-26T16:11:29.662577+00:00,KXNBAGAME-26FEB28TORWAS-TOR,bid,3,68,0.68,2000
2026-02-26T16:11:29.662577+00:00,KXNBAGAME-26FEB28TORWAS-TOR,bid,2,70,0.7,5
2026-02-26T16:11:29.662577+00:00,KXNBAGAME-26FEB28TORWAS-TOR,bid,1,71,0.71,300
2026-02-26T16:11:29.662577+00:00,KXNBAGAME-26FEB28TORWAS-TOR,bid,0,72,0.72,100
2026-02-26T16:19:27.427643+00:00,KXNBAGAME-26FEB28TORWAS-TOR,ask,0,1,0.01,11461
2026-02-26T16:19:27.427643+00:00,KXNBAGAME-26FEB28TORWAS-TOR,ask,1,2,0.02,4500
2026-02-26T16:19:27.427643+00:00,KXNBAGAME-26FEB28TORWAS-TOR,ask,2,3,0.03,500
2026-02-26T16:19:27.427643+00:00,KXNBAGAME-26FEB28TORWAS-TOR,ask,3,4,0.04,1258
2026-02-26T16:19:27.427643+00:00,KXNBAGAME-26FEB28TORWAS-TOR,ask,4,5,0.05,500
2026-02-26T16:19:27.427643+00:00,KXNBAGAME-26FEB28TORWAS-TOR,ask,5,7,0.07,12000
2026-02-26T16:19:27.427643+00:00,KXNBAGAME-26FEB28TORWAS-TOR,ask,6,8,0.08,522
2026-02-26T16:19:27.427643+00:00,KXNBAGAME-26FEB28TORWAS-TOR,ask,7,9,0.09,548
2026-02-26T16:19:27.427643+00:00,KXNBAGAME-26FEB28TORWAS-TOR,ask,8,12,0.12,500
2026-02-26T16:19:27.427643+00:00,KXNBAGAME-26FEB28TORWAS-TOR,ask,9,13,0.13,500
2026-02-26T16:19:27.427643+00:00,KXNBAGAME-26FEB28TORWAS-TOR,ask,10,16,0.16,20
2026-02-26T16:19:27.427643+00:00,KXNBAGAME-26FEB28TORWAS-TOR,ask,11,19,0.19,124
2026-02-26T16:19:27.427643+00:00,KXNBAGAME-26FEB28TORWAS-TOR,ask,12,21,0.21,907
2026-02-26T16:19:27.427643+00:00,KXNBAGAME-26FEB28TORWAS-TOR,ask,13,22,0.22,5291
2026-02-26T16:19:27.427643+00:00,KXNBAGAME-26FEB28TORWAS-TOR,bid,13,1,0.01,11000
2026-02-26T16:19:27.427643+00:00,KXNBAGAME-26FEB28TORWAS-TOR,bid,12,2,0.02,4500
2026-02-26T16:19:27.427643+00:00,KXNBAGAME-26FEB28TORWAS-TOR,bid,11,3,0.03,500
2026-02-26T16:19:27.427643+00:00,KXNBAGAME-26FEB28TORWAS-TOR,bid,10,5,0.05,500
2026-02-26T16:19:27.427643+00:00,KXNBAGAME-26FEB28TORWAS-TOR,bid,9,11,0.11,500
2026-02-26T16:19:27.427643+00:00,KXNBAGAME-26FEB28TORWAS-TOR,bid,8,12,0.12,300
2026-02-26T16:19:27.427643+00:00,KXNBAGAME-26FEB28TORWAS-TOR,bid,7,13,0.13,500
2026-02-26T16:19:27.427643+00:00,KXNBAGAME-26FEB28TORWAS-TOR,bid,6,14,0.14,411
2026-02-26T16:19:27.427643+00:00,KXNBAGAME-26FEB28TORWAS-TOR,bid,5,15,0.15,2467
2026-02-26T16:19:27.427643+00:00,KXNBAGAME-26FEB28TORWAS-TOR,bid,4,16,0.16,590
2026-02-26T16:19:27.427643+00:00,KXNBAGAME-26FEB28TORWAS-TOR,bid,3,68,0.68,2000
2026-02-26T16:19:27.427643+00:00,KXNBAGAME-26FEB28TORWAS-TOR,bid,2,70,0.7,5
2026-02-26T16:19:27.427643+00:00,KXNBAGAME-26FEB28TORWAS-TOR,bid,1,71,0.71,175
2026-02-26T16:19:27.427643+00:00,KXNBAGAME-26FEB28TORWAS-TOR,bid,0,74,0.74,225
2026-02-26T16:27:39.952423+00:00,KXNBAGAME-26FEB28TORWAS-TOR,ask,0,1,0.01,11461
2026-02-26T16:27:39.952423+00:00,KXNBAGAME-26FEB28TORWAS-TOR,ask,1,2,0.02,4500
2026-02-26T16:27:39.952423+00:00,KXNBAGAME-26FEB28TORWAS-TOR,ask,2,3,0.03,500
2026-02-26T16:27:39.952423+00:00,KXNBAGAME-26FEB28TORWAS-TOR,ask,3,4,0.04,1258
2026-02-26T16:27:39.952423+00:00,KXNBAGAME-26FEB28TORWAS-TOR,ask,4,5,0.05,500
2026-02-26T16:27:39.952423+00:00,KXNBAGAME-26FEB28TORWAS-TOR,ask,5,7,0.07,12000
2026-02-26T16:27:39.952423+00:00,KXNBAGAME-26FEB28TORWAS-TOR,ask,6,8,0.08,522
2026-02-26T16:27:39.952423+00:00,KXNBAGAME-26FEB28TORWAS-TOR,ask,7,9,0.09,548
2026-02-26T16:27:39.952423+00:00,KXNBAGAME-26FEB28TORWAS-TOR,ask,8,12,0.12,500
2026-02-26T16:27:39.952423+00:00,KXNBAGAME-26FEB28TORWAS-TOR,ask,9,13,0.13,500
2026-02-26T16:27:39.952423+00:00,KXNBAGAME-26FEB28TORWAS-TOR,ask,10,16,0.16,20
2026-02-26T16:27:39.952423+00:00,KXNBAGAME-26FEB28TORWAS-TOR,ask,11,19,0.19,124
2026-02-26T16:27:39.952423+00:00,KXNBAGAME-26FEB28TORWAS-TOR,ask,12,21,0.21,907
2026-02-26T16:27:39.952423+00:00,KXNBAGAME-26FEB28TORWAS-TOR,ask,13,22,0.22,5291
2026-02-26T16:27:39.952423+00:00,KXNBAGAME-26FEB28TORWAS-TOR,bid,12,1,0.01,11000
2026-02-26T16:27:39.952423+00:00,KXNBAGAME-26FEB28TORWAS-TOR,bid,11,2,0.02,4500
2026-02-26T16:27:39.952423+00:00,KXNBAGAME-26FEB28TORWAS-TOR,bid,10,3,0.03,500
2026-02-26T16:27:39.952423+00:00,KXNBAGAME-26FEB28TORWAS-TOR,bid,9,5,0.05,500
2026-02-26T16:27:39.952423+00:00,KXNBAGAME-26FEB28TORWAS-TOR,bid,8,11,0.11,500
2026-02-26T16:27:39.952423+00:00,KXNBAGAME-26FEB28TORWAS-TOR,bid,7,12,0.12,300
2026-02-26T16:27:39.952423+00:00,KXNBAGAME-26FEB28TORWAS-TOR,bid,6,13,0.13,500
2026-02-26T16:27:39.952423+00:00,KXNBAGAME-26FEB28TORWAS-TOR,bid,5,14,0.14,411
2026-02-26T16:27:39.952423+00:00,KXNBAGAME-26FEB28TORWAS-TOR,bid,4,15,0.15,2467
2026-02-26T16:27:39.952423+00:00,KXNBAGAME-26FEB28TORWAS-TOR,bid,3,16,0.16,590
2026-02-26T16:27:39.952423+00:00,KXNBAGAME-26FEB28TORWAS-TOR,bid,2,68,0.68,2000
2026-02-26T16:27:39.952423+00:00,KXNBAGAME-26FEB28TORWAS-TOR,bid,1,70,0.7,5
2026-02-26T16:27:39.952423+00:00,KXNBAGAME-26FEB28TORWAS-TOR,bid,0,73,0.73,125
2026-02-26T16:35:54.464839+00:00,KXNBAGAME-26FEB28TORWAS-TOR,ask,0,1,0.01,11461
2026-02-26T16:35:54.464839+00:00,KXNBAGAME-26FEB28TORWAS-TOR,ask,1,2,0.02,4500
2026-02-26T16:35:54.464839+00:00,KXNBAGAME-26FEB28TORWAS-TOR,ask,2,3,0.03,500
2026-02-26T16:35:54.464839+00:00,KXNBAGAME-26FEB28TORWAS-TOR,ask,3,4,0.04,1258
2026-02-26T16:35:54.464839+00:00,KXNBAGAME-26FEB28TORWAS-TOR,ask,4,5,0.05,500
2026-02-26T16:35:54.464839+00:00,KXNBAGAME-26FEB28TORWAS-TOR,ask,5,7,0.07,12000
2026-02-26T16:35:54.464839+00:00,KXNBAGAME-26FEB28TORWAS-TOR,ask,6,8,0.08,522
2026-02-26T16:35:54.464839+00:00,KXNBAGAME-26FEB28TORWAS-TOR,ask,7,9,0.09,548
2026-02-26T16:35:54.464839+00:00,KXNBAGAME-26FEB28TORWAS-TOR,ask,8,12,0.12,500
2026-02-26T16:35:54.464839+00:00,KXNBAGAME-26FEB28TORWAS-TOR,ask,9,13,0.13,500
2026-02-26T16:35:54.464839+00:00,KXNBAGAME-26FEB28TORWAS-TOR,ask,10,16,0.16,20
2026-02-26T16:35:54.464839+00:00,KXNBAGAME-26FEB28TORWAS-TOR,ask,11,19,0.19,124
2026-02-26T16:35:54.464839+00:00,KXNBAGAME-26FEB28TORWAS-TOR,ask,12,21,0.21,907
2026-02-26T16:35:54.464839+00:00,KXNBAGAME-26FEB28TORWAS-TOR,ask,13,22,0.22,5291
2026-02-26T16:35:54.464839+00:00,KXNBAGAME-26FEB28TORWAS-TOR,ask,14,23,0.23,92
2026-02-26T16:35:54.464839+00:00,KXNBAGAME-26FEB28TORWAS-TOR,bid,12,1,0.01,11000
2026-02-26T16:35:54.464839+00:00,KXNBAGAME-26FEB28TORWAS-TOR,bid,11,2,0.02,4500
2026-02-26T16:35:54.464839+00:00,KXNBAGAME-26FEB28TORWAS-TOR,bid,10,3,0.03,500
2026-02-26T16:35:54.464839+00:00,KXNBAGAME-26FEB28TORWAS-TOR,bid,9,5,0.05,500
2026-02-26T16:35:54.464839+00:00,KXNBAGAME-26FEB28TORWAS-TOR,bid,8,11,0.11,500
2026-02-26T16:35:54.464839+00:00,KXNBAGAME-26FEB28TORWAS-TOR,bid,7,12,0.12,300
2026-02-26T16:35:54.464839+00:00,KXNBAGAME-26FEB28TORWAS-TOR,bid,6,13,0.13,500
2026-02-26T16:35:54.464839+00:00,KXNBAGAME-26FEB28TORWAS-TOR,bid,5,14,0.14,411
2026-02-26T16:35:54.464839+00:00,KXNBAGAME-26FEB28TORWAS-TOR,bid,4,15,0.15,2467
2026-02-26T16:35:54.464839+00:00,KXNBAGAME-26FEB28TORWAS-TOR,bid,3,16,0.16,590
2026-02-26T16:35:54.464839+00:00,KXNBAGAME-26FEB28TORWAS-TOR,bid,2,68,0.68,2000
2026-02-26T16:35:54.464839+00:00,KXNBAGAME-26FEB28TORWAS-TOR,bid,1,70,0.7,5
2026-02-26T16:35:54.464839+00:00,KXNBAGAME-26FEB28TORWAS-TOR,bid,0,73,0.73,125
2026-02-26T16:44:09.999637+00:00,KXNBAGAME-26FEB28TORWAS-TOR,ask,0,1,0.01,11461
2026-02-26T16:44:09.999637+00:00,KXNBAGAME-26FEB28TORWAS-TOR,ask,1,2,0.02,4500
2026-02-26T16:44:09.999637+00:00,KXNBAGAME-26FEB28TORWAS-TOR,ask,2,3,0.03,500
2026-02-26T16:44:09.999637+00:00,KXNBAGAME-26FEB28TORWAS-TOR,ask,3,4,0.04,1258
2026-02-26T16:44:09.999637+00:00,KXNBAGAME-26FEB28TORWAS-TOR,ask,4,5,0.05,500
2026-02-26T16:44:09.999637+00:00,KXNBAGAME-26FEB28TORWAS-TOR,ask,5,7,0.07,12000
2026-02-26T16:44:09.999637+00:00,KXNBAGAME-26FEB28TORWAS-TOR,ask,6,8,0.08,522
2026-02-26T16:44:09.999637+00:00,KXNBAGAME-26FEB28TORWAS-TOR,ask,7,9,0.09,548
2026-02-26T16:44:09.999637+00:00,KXNBAGAME-26FEB28TORWAS-TOR,ask,8,12,0.12,500
2026-02-26T16:44:09.999637+00:00,KXNBAGAME-26FEB28TORWAS-TOR,ask,9,13,0.13,500
2026-02-26T16:44:09.999637+00:00,KXNBAGAME-26FEB28TORWAS-TOR,ask,10,16,0.16,20
2026-02-26T16:44:09.999637+00:00,KXNBAGAME-26FEB28TORWAS-TOR,ask,11,19,0.19,124
2026-02-26T16:44:09.999637+00:00,KXNBAGAME-26FEB28TORWAS-TOR,ask,12,21,0.21,907
2026-02-26T16:44:09.999637+00:00,KXNBAGAME-26FEB28TORWAS-TOR,ask,13,22,0.22,5291
2026-02-26T16:44:09.999637+00:00,KXNBAGAME-26FEB28TORWAS-TOR,ask,14,23,0.23,92
2026-02-26T16:44:09.999637+00:00,KXNBAGAME-26FEB28TORWAS-TOR,bid,13,1,0.01,11000
2026-02-26T16:44:09.999637+00:00,KXNBAGAME-26FEB28TORWAS-TOR,bid,12,2,0.02,4500
2026-02-26T16:44:09.999637+00:00,KXNBAGAME-26FEB28TORWAS-TOR,bid,11,3,0.03,500
2026-02-26T16:44:09.999637+00:00,KXNBAGAME-26FEB28TORWAS-TOR,bid,10,5,0.05,500
2026-02-26T16:44:09.999637+00:00,KXNBAGAME-26FEB28TORWAS-TOR,bid,9,11,0.11,500
2026-02-26T16:44:09.999637+00:00,KXNBAGAME-26FEB28TORWAS-TOR,bid,8,12,0.12,300
2026-02-26T16:44:09.999637+00:00,KXNBAGAME-26FEB28TORWAS-TOR,bid,7,13,0.13,500
2026-02-26T16:44:09.999637+00:00,KXNBAGAME-26FEB28TORWAS-TOR,bid,6,14,0.14,411
2026-02-26T16:44:09.999637+00:00,KXNBAGAME-26FEB28TORWAS-TOR,bid,5,15,0.15,2467
2026-02-26T16:44:09.999637+00:00,KXNBAGAME-26FEB28TORWAS-TOR,bid,4,16,0.16,590
2026-02-26T16:44:09.999637+00:00,KXNBAGAME-26FEB28TORWAS-TOR,bid,3,68,0.68,2000
2026-02-26T16:44:09.999637+00:00,KXNBAGAME-26FEB28TORWAS-TOR,bid,2,70,0.7,5
2026-02-26T16:44:09.999637+00:00,KXNBAGAME-26FEB28TORWAS-TOR,bid,1,71,0.71,175
2026-02-26T16:44:09.999637+00:00,KXNBAGAME-26FEB28TORWAS-TOR,bid,0,73,0.73,225
2026-02-26T16:52:25.213237+00:00,KXNBAGAME-26FEB28TORWAS-TOR,ask,0,1,0.01,11461
2026-02-26T16:52:25.213237+00:00,KXNBAGAME-26FEB28TORWAS-TOR,ask,1,2,0.02,4500
2026-02-26T16:52:25.213237+00:00,KXNBAGAME-26FEB28TORWAS-TOR,ask,2,3,0.03,500
2026-02-26T16:52:25.213237+00:00,KXNBAGAME-26FEB28TORWAS-TOR,ask,3,4,0.04,1258
2026-02-26T16:52:25.213237+00:00,KXNBAGAME-26FEB28TORWAS-TOR,ask,4,5,0.05,500
2026-02-26T16:52:25.213237+00:00,KXNBAGAME-26FEB28TORWAS-TOR,ask,5,7,0.07,12000
2026-02-26T16:52:25.213237+00:00,KXNBAGAME-26FEB28TORWAS-TOR,ask,6,8,0.08,522
2026-02-26T16:52:25.213237+00:00,KXNBAGAME-26FEB28TORWAS-TOR,ask,7,9,0.09,548
2026-02-26T16:52:25.213237+00:00,KXNBAGAME-26FEB28TORWAS-TOR,ask,8,12,0.12,500
2026-02-26T16:52:25.213237+00:00,KXNBAGAME-26FEB28TORWAS-TOR,ask,9,13,0.13,500
2026-02-26T16:52:25.213237+00:00,KXNBAGAME-26FEB28TORWAS-TOR,ask,10,16,0.16,20
2026-02-26T16:52:25.213237+00:00,KXNBAGAME-26FEB28TORWAS-TOR,ask,11,19,0.19,124
2026-02-26T16:52:25.213237+00:00,KXNBAGAME-26FEB28TORWAS-TOR,ask,12,21,0.21,907
2026-02-26T16:52:25.213237+00:00,KXNBAGAME-26FEB28TORWAS-TOR,ask,13,22,0.22,5291
2026-02-26T16:52:25.213237+00:00,KXNBAGAME-26FEB28TORWAS-TOR,ask,14,23,0.23,92
2026-02-26T16:52:25.213237+00:00,KXNBAGAME-26FEB28TORWAS-TOR,bid,13,1,0.01,11000
2026-02-26T16:52:25.213237+00:00,KXNBAGAME-26FEB28TORWAS-TOR,bid,12,2,0.02,4500
2026-02-26T16:52:25.213237+00:00,KXNBAGAME-26FEB28TORWAS-TOR,bid,11,3,0.03,500
2026-02-26T16:52:25.213237+00:00,KXNBAGAME-26FEB28TORWAS-TOR,bid,10,5,0.05,500
2026-02-26T16:52:25.213237+00:00,KXNBAGAME-26FEB28TORWAS-TOR,bid,9,11,0.11,500
2026-02-26T16:52:25.213237+00:00,KXNBAGAME-26FEB28TORWAS-TOR,bid,8,12,0.12,300
2026-02-26T16:52:25.213237+00:00,KXNBAGAME-26FEB28TORWAS-TOR,bid,7,13,0.13,500
2026-02-26T16:52:25.213237+00:00,KXNBAGAME-26FEB28TORWAS-TOR,bid,6,14,0.14,411
2026-02-26T16:52:25.213237+00:00,KXNBAGAME-26FEB28TORWAS-TOR,bid,5,15,0.15,2467
2026-02-26T16:52:25.213237+00:00,KXNBAGAME-26FEB28TORWAS-TOR,bid,4,16,0.16,590
2026-02-26T16:52:25.213237+00:00,KXNBAGAME-26FEB28TORWAS-TOR,bid,3,68,0.68,2000
2026-02-26T16:52:25.213237+00:00,KXNBAGAME-26FEB28TORWAS-TOR,bid,2,70,0.7,5
2026-02-26T16:52:25.213237+00:00,KXNBAGAME-26FEB28TORWAS-TOR,bid,1,71,0.71,175
2026-02-26T16:52:25.213237+00:00,KXNBAGAME-26FEB28TORWAS-TOR,bid,0,73,0.73,225
2026-02-26T17:00:41.551665+00:00,KXNBAGAME-26FEB28TORWAS-TOR,ask,0,1,0.01,11461
2026-02-26T17:00:41.551665+00:00,KXNBAGAME-26FEB28TORWAS-TOR,ask,1,2,0.02,4500
2026-02-26T17:00:41.551665+00:00,KXNBAGAME-26FEB28TORWAS-TOR,ask,2,3,0.03,50500
2026-02-26T17:00:41.551665+00:00,KXNBAGAME-26FEB28TORWAS-TOR,ask,3,4,0.04,1266
2026-02-26T17:00:41.551665+00:00,KXNBAGAME-26FEB28TORWAS-TOR,ask,4,5,0.05,500
2026-02-26T17:00:41.551665+00:00,KXNBAGAME-26FEB28TORWAS-TOR,ask,5,7,0.07,12000
2026-02-26T17:00:41.551665+00:00,KXNBAGAME-26FEB28TORWAS-TOR,ask,6,8,0.08,15522
2026-02-26T17:00:41.551665+00:00,KXNBAGAME-26FEB28TORWAS-TOR,ask,7,9,0.09,548
2026-02-26T17:00:41.551665+00:00,KXNBAGAME-26FEB28TORWAS-TOR,ask,8,12,0.12,500
2026-02-26T17:00:41.551665+00:00,KXNBAGAME-26FEB28TORWAS-TOR,ask,9,13,0.13,500
2026-02-26T17:00:41.551665+00:00,KXNBAGAME-26FEB28TORWAS-TOR,ask,10,16,0.16,20
2026-02-26T17:00:41.551665+00:00,KXNBAGAME-26FEB28TORWAS-TOR,ask,11,19,0.19,124
2026-02-26T17:00:41.551665+00:00,KXNBAGAME-26FEB28TORWAS-TOR,ask,12,21,0.21,907
2026-02-26T17:00:41.551665+00:00,KXNBAGAME-26FEB28TORWAS-TOR,ask,13,22,0.22,5291
2026-02-26T17:00:41.551665+00:00,KXNBAGAME-26FEB28TORWAS-TOR,ask,14,23,0.23,92
2026-02-26T17:00:41.551665+00:00,KXNBAGAME-26FEB28TORWAS-TOR,bid,12,1,0.01,11000
2026-02-26T17:00:41.551665+00:00,KXNBAGAME-26FEB28TORWAS-TOR,bid,11,2,0.02,4500
2026-02-26T17:00:41.551665+00:00,KXNBAGAME-26FEB28TORWAS-TOR,bid,10,3,0.03,50500
2026-02-26T17:00:41.551665+00:00,KXNBAGAME-26FEB28TORWAS-TOR,bid,9,5,0.05,500
2026-02-26T17:00:41.551665+00:00,KXNBAGAME-26FEB28TORWAS-TOR,bid,8,11,0.11,500
2026-02-26T17:00:41.551665+00:00,KXNBAGAME-26FEB28TORWAS-TOR,bid,7,12,0.12,300
2026-02-26T17:00:41.551665+00:00,KXNBAGAME-26FEB28TORWAS-TOR,bid,6,13,0.13,500
2026-02-26T17:00:41.551665+00:00,KXNBAGAME-26FEB28TORWAS-TOR,bid,5,14,0.14,411
2026-02-26T17:00:41.551665+00:00,KXNBAGAME-26FEB28TORWAS-TOR,bid,4,16,0.16,590
2026-02-26T17:00:41.551665+00:00,KXNBAGAME-26FEB28TORWAS-TOR,bid,3,17,0.17,2183
2026-02-26T17:00:41.551665+00:00,KXNBAGAME-26FEB28TORWAS-TOR,bid,2,68,0.68,2000
2026-02-26T17:00:41.551665+00:00,KXNBAGAME-26FEB28TORWAS-TOR,bid,1,70,0.7,5
2026-02-26T17:00:41.551665+00:00,KXNBAGAME-26FEB28TORWAS-TOR,bid,0,72,0.72,125
2026-02-26T17:08:57.976847+00:00,KXNBAGAME-26FEB28TORWAS-TOR,ask,0,1,0.01,11461
2026-02-26T17:08:57.976847+00:00,KXNBAGAME-26FEB28TORWAS-TOR,ask,1,2,0.02,4500
2026-02-26T17:08:57.976847+00:00,KXNBAGAME-26FEB28TORWAS-TOR,ask,2,3,0.03,50500
2026-02-26T17:08:57.976847+00:00,KXNBAGAME-26FEB28TORWAS-TOR,ask,3,4,0.04,1266
2026-02-26T17:08:57.976847+00:00,KXNBAGAME-26FEB28TORWAS-TOR,ask,4,5,0.05,500
2026-02-26T17:08:57.976847+00:00,KXNBAGAME-26FEB28TORWAS-TOR,ask,5,7,0.07,12000
2026-02-26T17:08:57.976847+00:00,KXNBAGAME-26FEB28TORWAS-TOR,ask,6,8,0.08,15522
2026-02-26T17:08:57.976847+00:00,KXNBAGAME-26FEB28TORWAS-TOR,ask,7,9,0.09,548
2026-02-26T17:08:57.976847+00:00,KXNBAGAME-26FEB28TORWAS-TOR,ask,8,12,0.12,500
2026-02-26T17:08:57.976847+00:00,KXNBAGAME-26FEB28TORWAS-TOR,ask,9,13,0.13,500
2026-02-26T17:08:57.976847+00:00,KXNBAGAME-26FEB28TORWAS-TOR,ask,10,16,0.16,20
2026-02-26T17:08:57.976847+00:00,KXNBAGAME-26FEB28TORWAS-TOR,ask,11,19,0.19,124
2026-02-26T17:08:57.976847+00:00,KXNBAGAME-26FEB28TORWAS-TOR,ask,12,21,0.21,907
2026-02-26T17:08:57.976847+00:00,KXNBAGAME-26FEB28TORWAS-TOR,ask,13,22,0.22,5291
2026-02-26T17:08:57.976847+00:00,KXNBAGAME-26FEB28TORWAS-TOR,ask,14,23,0.23,92
2026-02-26T17:08:57.976847+00:00,KXNBAGAME-26FEB28TORWAS-TOR,bid,13,1,0.01,11000
2026-02-26T17:08:57.976847+00:00,KXNBAGAME-26FEB28TORWAS-TOR,bid,12,2,0.02,4500
2026-02-26T17:08:57.976847+00:00,KXNBAGAME-26FEB28TORWAS-TOR,bid,11,3,0.03,50500
2026-02-26T17:08:57.976847+00:00,KXNBAGAME-26FEB28TORWAS-TOR,bid,10,5,0.05,500
2026-02-26T17:08:57.976847+00:00,KXNBAGAME-26FEB28TORWAS-TOR,bid,9,11,0.11,500
2026-02-26T17:08:57.976847+00:00,KXNBAGAME-26FEB28TORWAS-TOR,bid,8,12,0.12,300
2026-02-26T17:08:57.976847+00:00,KXNBAGAME-26FEB28TORWAS-TOR,bid,7,13,0.13,500
2026-02-26T17:08:57.976847+00:00,KXNBAGAME-26FEB28TORWAS-TOR,bid,6,14,0.14,411
2026-02-26T17:08:57.976847+00:00,KXNBAGAME-26FEB28TORWAS-TOR,bid,5,17,0.17,2183
2026-02-26T17:08:57.976847+00:00,KXNBAGAME-26FEB28TORWAS-TOR,bid,4,18,0.18,647
2026-02-26T17:08:57.976847+00:00,KXNBAGAME-26FEB28TORWAS-TOR,bid,3,68,0.68,2000
2026-02-26T17:08:57.976847+00:00,KXNBAGAME-26FEB28TORWAS-TOR,bid,2,70,0.7,5
2026-02-26T17:08:57.976847+00:00,KXNBAGAME-26FEB28TORWAS-TOR,bid,1,71,0.71,175
2026-02-26T17:08:57.976847+00:00,KXNBAGAME-26FEB28TORWAS-TOR,bid,0,73,0.73,225
2026-02-26T17:17:13.540912+00:00,KXNBAGAME-26FEB28TORWAS-TOR,ask,0,1,0.01,12461
2026-02-26T17:17:13.540912+00:00,KXNBAGAME-26FEB28TORWAS-TOR,ask,1,2,0.02,5288
2026-02-26T17:17:13.540912+00:00,KXNBAGAME-26FEB28TORWAS-TOR,ask,2,3,0.03,50873
2026-02-26T17:17:13.540912+00:00,KXNBAGAME-26FEB28TORWAS-TOR,ask,3,4,0.04,1435
2026-02-26T17:17:13.540912+00:00,KXNBAGAME-26FEB28TORWAS-TOR,ask,4,5,0.05,656
2026-02-26T17:17:13.540912+00:00,KXNBAGAME-26FEB28TORWAS-TOR,ask,5,6,0.06,154
2026-02-26T17:17:13.540912+00:00,KXNBAGAME-26FEB28TORWAS-TOR,ask,6,7,0.07,12150
2026-02-26T17:17:13.540912+00:00,KXNBAGAME-26FEB28TORWAS-TOR,ask,7,8,0.08,15522
2026-02-26T17:17:13.540912+00:00,KXNBAGAME-26FEB28TORWAS-TOR,ask,8,9,0.09,548
2026-02-26T17:17:13.540912+00:00,KXNBAGAME-26FEB28TORWAS-TOR,ask,9,12,0.12,500
2026-02-26T17:17:13.540912+00:00,KXNBAGAME-26FEB28TORWAS-TOR,ask,10,13,0.13,500
2026-02-26T17:17:13.540912+00:00,KXNBAGAME-26FEB28TORWAS-TOR,ask,11,16,0.16,20
2026-02-26T17:17:13.540912+00:00,KXNBAGAME-26FEB28TORWAS-TOR,ask,12,19,0.19,124
2026-02-26T17:17:13.540912+00:00,KXNBAGAME-26FEB28TORWAS-TOR,ask,13,21,0.21,903
2026-02-26T17:17:13.540912+00:00,KXNBAGAME-26FEB28TORWAS-TOR,ask,14,22,0.22,5283
2026-02-26T17:17:13.540912+00:00,KXNBAGAME-26FEB28TORWAS-TOR,ask,15,23,0.23,92
2026-02-26T17:17:13.540912+00:00,KXNBAGAME-26FEB28TORWAS-TOR,bid,13,1,0.01,12000
2026-02-26T17:17:13.540912+00:00,KXNBAGAME-26FEB28TORWAS-TOR,bid,12,2,0.02,5100
2026-02-26T17:17:13.540912+00:00,KXNBAGAME-26FEB28TORWAS-TOR,bid,11,3,0.03,50700
2026-02-26T17:17:13.540912+00:00,KXNBAGAME-26FEB28TORWAS-TOR,bid,10,5,0.05,500
2026-02-26T17:17:13.540912+00:00,KXNBAGAME-26FEB28TORWAS-TOR,bid,9,11,0.11,500
2026-02-26T17:17:13.540912+00:00,KXNBAGAME-26FEB28TORWAS-TOR,bid,8,12,0.12,300
2026-02-26T17:17:13.540912+00:00,KXNBAGAME-26FEB28TORWAS-TOR,bid,7,13,0.13,500
2026-02-26T17:17:13.540912+00:00,KXNBAGAME-26FEB28TORWAS-TOR,bid,6,14,0.14,411
2026-02-26T17:17:13.540912+00:00,KXNBAGAME-26FEB28TORWAS-TOR,bid,5,17,0.17,2183
2026-02-26T17:17:13.540912+00:00,KXNBAGAME-26FEB28TORWAS-TOR,bid,4,18,0.18,647
2026-02-26T17:17:13.540912+00:00,KXNBAGAME-26FEB28TORWAS-TOR,bid,3,68,0.68,2000
2026-02-26T17:17:13.540912+00:00,KXNBAGAME-26FEB28TORWAS-TOR,bid,2,70,0.7,5
2026-02-26T17:17:13.540912+00:00,KXNBAGAME-26FEB28TORWAS-TOR,bid,1,71,0.71,175
2026-02-26T17:17:13.540912+00:00,KXNBAGAME-26FEB28TORWAS-TOR,bid,0,73,0.73,225
2026-02-26T17:25:28.896278+00:00,KXNBAGAME-26FEB28TORWAS-TOR,ask,0,1,0.01,12461
2026-02-26T17:25:28.896278+00:00,KXNBAGAME-26FEB28TORWAS-TOR,ask,1,2,0.02,5288
2026-02-26T17:25:28.896278+00:00,KXNBAGAME-26FEB28TORWAS-TOR,ask,2,3,0.03,50873
2026-02-26T17:25:28.896278+00:00,KXNBAGAME-26FEB28TORWAS-TOR,ask,3,4,0.04,1435
2026-02-26T17:25:28.896278+00:00,KXNBAGAME-26FEB28TORWAS-TOR,ask,4,5,0.05,656
2026-02-26T17:25:28.896278+00:00,KXNBAGAME-26FEB28TORWAS-TOR,ask,5,6,0.06,154
2026-02-26T17:25:28.896278+00:00,KXNBAGAME-26FEB28TORWAS-TOR,ask,6,7,0.07,12150
2026-02-26T17:25:28.896278+00:00,KXNBAGAME-26FEB28TORWAS-TOR,ask,7,8,0.08,15522
2026-02-26T17:25:28.896278+00:00,KXNBAGAME-26FEB28TORWAS-TOR,ask,8,9,0.09,548
2026-02-26T17:25:28.896278+00:00,KXNBAGAME-26FEB28TORWAS-TOR,ask,9,12,0.12,500
2026-02-26T17:25:28.896278+00:00,KXNBAGAME-26FEB28TORWAS-TOR,ask,10,13,0.13,500
2026-02-26T17:25:28.896278+00:00,KXNBAGAME-26FEB28TORWAS-TOR,ask,11,16,0.16,20
2026-02-26T17:25:28.896278+00:00,KXNBAGAME-26FEB28TORWAS-TOR,ask,12,19,0.19,124
2026-02-26T17:25:28.896278+00:00,KXNBAGAME-26FEB28TORWAS-TOR,ask,13,21,0.21,903
2026-02-26T17:25:28.896278+00:00,KXNBAGAME-26FEB28TORWAS-TOR,ask,14,22,0.22,5283
2026-02-26T17:25:28.896278+00:00,KXNBAGAME-26FEB28TORWAS-TOR,ask,15,23,0.23,92
2026-02-26T17:25:28.896278+00:00,KXNBAGAME-26FEB28TORWAS-TOR,bid,13,1,0.01,12000
2026-02-26T17:25:28.896278+00:00,KXNBAGAME-26FEB28TORWAS-TOR,bid,12,2,0.02,5100
2026-02-26T17:25:28.896278+00:00,KXNBAGAME-26FEB28TORWAS-TOR,bid,11,3,0.03,50700
2026-02-26T17:25:28.896278+00:00,KXNBAGAME-26FEB28TORWAS-TOR,bid,10,5,0.05,500
2026-02-26T17:25:28.896278+00:00,KXNBAGAME-26FEB28TORWAS-TOR,bid,9,11,0.11,500
2026-02-26T17:25:28.896278+00:00,KXNBAGAME-26FEB28TORWAS-TOR,bid,8,12,0.12,300
2026-02-26T17:25:28.896278+00:00,KXNBAGAME-26FEB28TORWAS-TOR,bid,7,13,0.13,500
2026-02-26T17:25:28.896278+00:00,KXNBAGAME-26FEB28TORWAS-TOR,bid,6,14,0.14,411
2026-02-26T17:25:28.896278+00:00,KXNBAGAME-26FEB28TORWAS-TOR,bid,5,17,0.17,2183
2026-02-26T17:25:28.896278+00:00,KXNBAGAME-26FEB28TORWAS-TOR,bid,4,18,0.18,647
2026-02-26T17:25:28.896278+00:00,KXNBAGAME-26FEB28TORWAS-TOR,bid,3,68,0.68,2000
2026-02-26T17:25:28.896278+00:00,KXNBAGAME-26FEB28TORWAS-TOR,bid,2,70,0.7,5
2026-02-26T17:25:28.896278+00:00,KXNBAGAME-26FEB28TORWAS-TOR,bid,1,71,0.71,175
2026-02-26T17:25:28.896278+00:00,KXNBAGAME-26FEB28TORWAS-TOR,bid,0,73,0.73,225
2026-02-26T17:34:01.456710+00:00,KXNBAGAME-26FEB28TORWAS-TOR,ask,0,1,0.01,12461
2026-02-26T17:34:01.456710+00:00,KXNBAGAME-26FEB28TORWAS-TOR,ask,1,2,0.02,5288
2026-02-26T17:34:01.456710+00:00,KXNBAGAME-26FEB28TORWAS-TOR,ask,2,3,0.03,50873
2026-02-26T17:34:01.456710+00:00,KXNBAGAME-26FEB28TORWAS-TOR,ask,3,4,0.04,1435
2026-02-26T17:34:01.456710+00:00,KXNBAGAME-26FEB28TORWAS-TOR,ask,4,5,0.05,656
2026-02-26T17:34:01.456710+00:00,KXNBAGAME-26FEB28TORWAS-TOR,ask,5,6,0.06,154
2026-02-26T17:34:01.456710+00:00,KXNBAGAME-26FEB28TORWAS-TOR,ask,6,7,0.07,12150
2026-02-26T17:34:01.456710+00:00,KXNBAGAME-26FEB28TORWAS-TOR,ask,7,8,0.08,15522
2026-02-26T17:34:01.456710+00:00,KXNBAGAME-26FEB28TORWAS-TOR,ask,8,9,0.09,548
2026-02-26T17:34:01.456710+00:00,KXNBAGAME-26FEB28TORWAS-TOR,ask,9,12,0.12,500
2026-02-26T17:34:01.456710+00:00,KXNBAGAME-26FEB28TORWAS-TOR,ask,10,13,0.13,500
2026-02-26T17:34:01.456710+00:00,KXNBAGAME-26FEB28TORWAS-TOR,ask,11,16,0.16,20
2026-02-26T17:34:01.456710+00:00,KXNBAGAME-26FEB28TORWAS-TOR,ask,12,19,0.19,124
2026-02-26T17:34:01.456710+00:00,KXNBAGAME-26FEB28TORWAS-TOR,ask,13,21,0.21,903
2026-02-26T17:34:01.456710+00:00,KXNBAGAME-26FEB28TORWAS-TOR,ask,14,22,0.22,5283
2026-02-26T17:34:01.456710+00:00,KXNBAGAME-26FEB28TORWAS-TOR,ask,15,23,0.23,92
2026-02-26T17:34:01.456710+00:00,KXNBAGAME-26FEB28TORWAS-TOR,bid,13,1,0.01,12000
2026-02-26T17:34:01.456710+00:00,KXNBAGAME-26FEB28TORWAS-TOR,bid,12,2,0.02,5100
2026-02-26T17:34:01.456710+00:00,KXNBAGAME-26FEB28TORWAS-TOR,bid,11,3,0.03,50700
2026-02-26T17:34:01.456710+00:00,KXNBAGAME-26FEB28TORWAS-TOR,bid,10,5,0.05,500
2026-02-26T17:34:01.456710+00:00,KXNBAGAME-26FEB28TORWAS-TOR,bid,9,11,0.11,500
2026-02-26T17:34:01.456710+00:00,KXNBAGAME-26FEB28TORWAS-TOR,bid,8,12,0.12,300
2026-02-26T17:34:01.456710+00:00,KXNBAGAME-26FEB28TORWAS-TOR,bid,7,13,0.13,500
2026-02-26T17:34:01.456710+00:00,KXNBAGAME-26FEB28TORWAS-TOR,bid,6,14,0.14,411
2026-02-26T17:34:01.456710+00:00,KXNBAGAME-26FEB28TORWAS-TOR,bid,5,17,0.17,2183
2026-02-26T17:34:01.456710+00:00,KXNBAGAME-26FEB28TORWAS-TOR,bid,4,18,0.18,647
2026-02-26T17:34:01.456710+00:00,KXNBAGAME-26FEB28TORWAS-TOR,bid,3,68,0.68,2000
2026-02-26T17:34:01.456710+00:00,KXNBAGAME-26FEB28TORWAS-TOR,bid,2,70,0.7,5
2026-02-26T17:34:01.456710+00:00,KXNBAGAME-26FEB28TORWAS-TOR,bid,1,71,0.71,175
2026-02-26T17:34:01.456710+00:00,KXNBAGAME-26FEB28TORWAS-TOR,bid,0,73,0.73,225
2026-02-26T17:42:34.073889+00:00,KXNBAGAME-26FEB28TORWAS-TOR,ask,0,1,0.01,12461
2026-02-26T17:42:34.073889+00:00,KXNBAGAME-26FEB28TORWAS-TOR,ask,1,2,0.02,5288
2026-02-26T17:42:34.073889+00:00,KXNBAGAME-26FEB28TORWAS-TOR,ask,2,3,0.03,50873
2026-02-26T17:42:34.073889+00:00,KXNBAGAME-26FEB28TORWAS-TOR,ask,3,4,0.04,1435
2026-02-26T17:42:34.073889+00:00,KXNBAGAME-26FEB28TORWAS-TOR,ask,4,5,0.05,656
2026-02-26T17:42:34.073889+00:00,KXNBAGAME-26FEB28TORWAS-TOR,ask,5,6,0.06,154
2026-02-26T17:42:34.073889+00:00,KXNBAGAME-26FEB28TORWAS-TOR,ask,6,7,0.07,12150
2026-02-26T17:42:34.073889+00:00,KXNBAGAME-26FEB28TORWAS-TOR,ask,7,8,0.08,15522
2026-02-26T17:42:34.073889+00:00,KXNBAGAME-26FEB28TORWAS-TOR,ask,8,9,0.09,548
2026-02-26T17:42:34.073889+00:00,KXNBAGAME-26FEB28TORWAS-TOR,ask,9,12,0.12,500
2026-02-26T17:42:34.073889+00:00,KXNBAGAME-26FEB28TORWAS-TOR,ask,10,13,0.13,500
2026-02-26T17:42:34.073889+00:00,KXNBAGAME-26FEB28TORWAS-TOR,ask,11,16,0.16,20
2026-02-26T17:42:34.073889+00:00,KXNBAGAME-26FEB28TORWAS-TOR,ask,12,19,0.19,124
2026-02-26T17:42:34.073889+00:00,KXNBAGAME-26FEB28TORWAS-TOR,ask,13,21,0.21,903
2026-02-26T17:42:34.073889+00:00,KXNBAGAME-26FEB28TORWAS-TOR,ask,14,22,0.22,5283
2026-02-26T17:42:34.073889+00:00,KXNBAGAME-26FEB28TORWAS-TOR,ask,15,23,0.23,92
2026-02-26T17:42:34.073889+00:00,KXNBAGAME-26FEB28TORWAS-TOR,bid,13,1,0.01,12000
2026-02-26T17:42:34.073889+00:00,KXNBAGAME-26FEB28TORWAS-TOR,bid,12,2,0.02,5100
2026-02-26T17:42:34.073889+00:00,KXNBAGAME-26FEB28TORWAS-TOR,bid,11,3,0.03,50700
2026-02-26T17:42:34.073889+00:00,KXNBAGAME-26FEB28TORWAS-TOR,bid,10,5,0.05,500
2026-02-26T17:42:34.073889+00:00,KXNBAGAME-26FEB28TORWAS-TOR,bid,9,11,0.11,500
2026-02-26T17:42:34.073889+00:00,KXNBAGAME-26FEB28TORWAS-TOR,bid,8,12,0.12,300
2026-02-26T17:42:34.073889+00:00,KXNBAGAME-26FEB28TORWAS-TOR,bid,7,13,0.13,500
2026-02-26T17:42:34.073889+00:00,KXNBAGAME-26FEB28TORWAS-TOR,bid,6,14,0.14,411
2026-02-26T17:42:34.073889+00:00,KXNBAGAME-26FEB28TORWAS-TOR,bid,5,17,0.17,2183
2026-02-26T17:42:34.073889+00:00,KXNBAGAME-26FEB28TORWAS-TOR,bid,4,18,0.18,647
2026-02-26T17:42:34.073889+00:00,KXNBAGAME-26FEB28TORWAS-TOR,bid,3,68,0.68,2000
2026-02-26T17:42:34.073889+00:00,KXNBAGAME-26FEB28TORWAS-TOR,bid,2,70,0.7,5
2026-02-26T17:42:34.073889+00:00,KXNBAGAME-26FEB28TORWAS-TOR,bid,1,71,0.71,175
2026-02-26T17:42:34.073889+00:00,KXNBAGAME-26FEB28TORWAS-TOR,bid,0,73,0.73,225
2026-02-26T17:51:06.309010+00:00,KXNBAGAME-26FEB28TORWAS-TOR,ask,0,1,0.01,12461
2026-02-26T17:51:06.309010+00:00,KXNBAGAME-26FEB28TORWAS-TOR,ask,1,2,0.02,5288
2026-02-26T17:51:06.309010+00:00,KXNBAGAME-26FEB28TORWAS-TOR,ask,2,3,0.03,50873
2026-02-26T17:51:06.309010+00:00,KXNBAGAME-26FEB28TORWAS-TOR,ask,3,4,0.04,1435
2026-02-26T17:51:06.309010+00:00,KXNBAGAME-26FEB28TORWAS-TOR,ask,4,5,0.05,656
2026-02-26T17:51:06.309010+00:00,KXNBAGAME-26FEB28TORWAS-TOR,ask,5,6,0.06,154
2026-02-26T17:51:06.309010+00:00,KXNBAGAME-26FEB28TORWAS-TOR,ask,6,7,0.07,12150
2026-02-26T17:51:06.309010+00:00,KXNBAGAME-26FEB28TORWAS-TOR,ask,7,8,0.08,15522
2026-02-26T17:51:06.309010+00:00,KXNBAGAME-26FEB28TORWAS-TOR,ask,8,9,0.09,548
2026-02-26T17:51:06.309010+00:00,KXNBAGAME-26FEB28TORWAS-TOR,ask,9,12,0.12,500
2026-02-26T17:51:06.309010+00:00,KXNBAGAME-26FEB28TORWAS-TOR,ask,10,13,0.13,500
2026-02-26T17:51:06.309010+00:00,KXNBAGAME-26FEB28TORWAS-TOR,ask,11,16,0.16,20
2026-02-26T17:51:06.309010+00:00,KXNBAGAME-26FEB28TORWAS-TOR,ask,12,19,0.19,124
2026-02-26T17:51:06.309010+00:00,KXNBAGAME-26FEB28TORWAS-TOR,ask,13,21,0.21,903
2026-02-26T17:51:06.309010+00:00,KXNBAGAME-26FEB28TORWAS-TOR,ask,14,22,0.22,5283
2026-02-26T17:51:06.309010+00:00,KXNBAGAME-26FEB28TORWAS-TOR,ask,15,23,0.23,92
2026-02-26T17:51:06.309010+00:00,KXNBAGAME-26FEB28TORWAS-TOR,bid,13,1,0.01,12000
2026-02-26T17:51:06.309010+00:00,KXNBAGAME-26FEB28TORWAS-TOR,bid,12,2,0.02,5100
2026-02-26T17:51:06.309010+00:00,KXNBAGAME-26FEB28TORWAS-TOR,bid,11,3,0.03,50700
2026-02-26T17:51:06.309010+00:00,KXNBAGAME-26FEB28TORWAS-TOR,bid,10,5,0.05,500
2026-02-26T17:51:06.309010+00:00,KXNBAGAME-26FEB28TORWAS-TOR,bid,9,11,0.11,500
2026-02-26T17:51:06.309010+00:00,KXNBAGAME-26FEB28TORWAS-TOR,bid,8,12,0.12,300
2026-02-26T17:51:06.309010+00:00,KXNBAGAME-26FEB28TORWAS-TOR,bid,7,13,0.13,500
2026-02-26T17:51:06.309010+00:00,KXNBAGAME-26FEB28TORWAS-TOR,bid,6,14,0.14,411
2026-02-26T17:51:06.309010+00:00,KXNBAGAME-26FEB28TORWAS-TOR,bid,5,17,0.17,2183
2026-02-26T17:51:06.309010+00:00,KXNBAGAME-26FEB28TORWAS-TOR,bid,4,18,0.18,647
2026-02-26T17:51:06.309010+00:00,KXNBAGAME-26FEB28TORWAS-TOR,bid,3,68,0.68,2000
2026-02-26T17:51:06.309010+00:00,KXNBAGAME-26FEB28TORWAS-TOR,bid,2,70,0.7,5
2026-02-26T17:51:06.309010+00:00,KXNBAGAME-26FEB28TORWAS-TOR,bid,1,71,0.71,175
2026-02-26T17:51:06.309010+00:00,KXNBAGAME-26FEB28TORWAS-TOR,bid,0,73,0.73,225
2026-02-26T17:59:39.417064+00:00,KXNBAGAME-26FEB28TORWAS-TOR,ask,0,1,0.01,12461
2026-02-26T17:59:39.417064+00:00,KXNBAGAME-26FEB28TORWAS-TOR,ask,1,2,0.02,5288
2026-02-26T17:59:39.417064+00:00,KXNBAGAME-26FEB28TORWAS-TOR,ask,2,3,0.03,50873
2026-02-26T17:59:39.417064+00:00,KXNBAGAME-26FEB28TORWAS-TOR,ask,3,4,0.04,1435
2026-02-26T17:59:39.417064+00:00,KXNBAGAME-26FEB28TORWAS-TOR,ask,4,5,0.05,656
2026-02-26T17:59:39.417064+00:00,KXNBAGAME-26FEB28TORWAS-TOR,ask,5,6,0.06,154
2026-02-26T17:59:39.417064+00:00,KXNBAGAME-26FEB28TORWAS-TOR,ask,6,7,0.07,12150
2026-02-26T17:59:39.417064+00:00,KXNBAGAME-26FEB28TORWAS-TOR,ask,7,8,0.08,15522
2026-02-26T17:59:39.417064+00:00,KXNBAGAME-26FEB28TORWAS-TOR,ask,8,9,0.09,548
2026-02-26T17:59:39.417064+00:00,KXNBAGAME-26FEB28TORWAS-TOR,ask,9,12,0.12,500
2026-02-26T17:59:39.417064+00:00,KXNBAGAME-26FEB28TORWAS-TOR,ask,10,13,0.13,500
2026-02-26T17:59:39.417064+00:00,KXNBAGAME-26FEB28TORWAS-TOR,ask,11,16,0.16,20
2026-02-26T17:59:39.417064+00:00,KXNBAGAME-26FEB28TORWAS-TOR,ask,12,19,0.19,124
2026-02-26T17:59:39.417064+00:00,KXNBAGAME-26FEB28TORWAS-TOR,ask,13,21,0.21,903
2026-02-26T17:59:39.417064+00:00,KXNBAGAME-26FEB28TORWAS-TOR,ask,14,22,0.22,5283
2026-02-26T17:59:39.417064+00:00,KXNBAGAME-26FEB28TORWAS-TOR,ask,15,23,0.23,92
2026-02-26T17:59:39.417064+00:00,KXNBAGAME-26FEB28TORWAS-TOR,bid,13,1,0.01,12000
2026-02-26T17:59:39.417064+00:00,KXNBAGAME-26FEB28TORWAS-TOR,bid,12,2,0.02,5100
2026-02-26T17:59:39.417064+00:00,KXNBAGAME-26FEB28TORWAS-TOR,bid,11,3,0.03,50700
2026-02-26T17:59:39.417064+00:00,KXNBAGAME-26FEB28TORWAS-TOR,bid,10,5,0.05,500
2026-02-26T17:59:39.417064+00:00,KXNBAGAME-26FEB28TORWAS-TOR,bid,9,11,0.11,500
2026-02-26T17:59:39.417064+00:00,KXNBAGAME-26FEB28TORWAS-TOR,bid,8,12,0.12,300
2026-02-26T17:59:39.417064+00:00,KXNBAGAME-26FEB28TORWAS-TOR,bid,7,13,0.13,500
2026-02-26T17:59:39.417064+00:00,KXNBAGAME-26FEB28TORWAS-TOR,bid,6,14,0.14,411
2026-02-26T17:59:39.417064+00:00,KXNBAGAME-26FEB28TORWAS-TOR,bid,5,17,0.17,2183
2026-02-26T17:59:39.417064+00:00,KXNBAGAME-26FEB28TORWAS-TOR,bid,4,18,0.18,647
2026-02-26T17:59:39.417064+00:00,KXNBAGAME-26FEB28TORWAS-TOR,bid,3,68,0.68,2000
2026-02-26T17:59:39.417064+00:00,KXNBAGAME-26FEB28TORWAS-TOR,bid,2,70,0.7,5
2026-02-26T17:59:39.417064+00:00,KXNBAGAME-26FEB28TORWAS-TOR,bid,1,71,0.71,175
2026-02-26T17:59:39.417064+00:00,KXNBAGAME-26FEB28TORWAS-TOR,bid,0,73,0.73,225
2026-02-26T18:08:13.369026+00:00,KXNBAGAME-26FEB28TORWAS-TOR,ask,0,1,0.01,12461
2026-02-26T18:08:13.369026+00:00,KXNBAGAME-26FEB28TORWAS-TOR,ask,1,2,0.02,5288
2026-02-26T18:08:13.369026+00:00,KXNBAGAME-26FEB28TORWAS-TOR,ask,2,3,0.03,50873
2026-02-26T18:08:13.369026+00:00,KXNBAGAME-26FEB28TORWAS-TOR,ask,3,4,0.04,1435
2026-02-26T18:08:13.369026+00:00,KXNBAGAME-26FEB28TORWAS-TOR,ask,4,5,0.05,656
2026-02-26T18:08:13.369026+00:00,KXNBAGAME-26FEB28TORWAS-TOR,ask,5,6,0.06,154
2026-02-26T18:08:13.369026+00:00,KXNBAGAME-26FEB28TORWAS-TOR,ask,6,7,0.07,12150
2026-02-26T18:08:13.369026+00:00,KXNBAGAME-26FEB28TORWAS-TOR,ask,7,8,0.08,15522
2026-02-26T18:08:13.369026+00:00,KXNBAGAME-26FEB28TORWAS-TOR,ask,8,9,0.09,548
2026-02-26T18:08:13.369026+00:00,KXNBAGAME-26FEB28TORWAS-TOR,ask,9,12,0.12,500
2026-02-26T18:08:13.369026+00:00,KXNBAGAME-26FEB28TORWAS-TOR,ask,10,13,0.13,500
2026-02-26T18:08:13.369026+00:00,KXNBAGAME-26FEB28TORWAS-TOR,ask,11,16,0.16,20
2026-02-26T18:08:13.369026+00:00,KXNBAGAME-26FEB28TORWAS-TOR,ask,12,19,0.19,124
2026-02-26T18:08:13.369026+00:00,KXNBAGAME-26FEB28TORWAS-TOR,ask,13,21,0.21,903
2026-02-26T18:08:13.369026+00:00,KXNBAGAME-26FEB28TORWAS-TOR,ask,14,22,0.22,5283
2026-02-26T18:08:13.369026+00:00,KXNBAGAME-26FEB28TORWAS-TOR,ask,15,23,0.23,92
2026-02-26T18:08:13.369026+00:00,KXNBAGAME-26FEB28TORWAS-TOR,bid,13,1,0.01,12000
2026-02-26T18:08:13.369026+00:00,KXNBAGAME-26FEB28TORWAS-TOR,bid,12,2,0.02,5100
2026-02-26T18:08:13.369026+00:00,KXNBAGAME-26FEB28TORWAS-TOR,bid,11,3,0.03,50700
2026-02-26T18:08:13.369026+00:00,KXNBAGAME-26FEB28TORWAS-TOR,bid,10,5,0.05,500
2026-02-26T18:08:13.369026+00:00,KXNBAGAME-26FEB28TORWAS-TOR,bid,9,11,0.11,500
2026-02-26T18:08:13.369026+00:00,KXNBAGAME-26FEB28TORWAS-TOR,bid,8,12,0.12,300
2026-02-26T18:08:13.369026+00:00,KXNBAGAME-26FEB28TORWAS-TOR,bid,7,13,0.13,500
2026-02-26T18:08:13.369026+00:00,KXNBAGAME-26FEB28TORWAS-TOR,bid,6,14,0.14,411
2026-02-26T18:08:13.369026+00:00,KXNBAGAME-26FEB28TORWAS-TOR,bid,5,17,0.17,2183
2026-02-26T18:08:13.369026+00:00,KXNBAGAME-26FEB28TORWAS-TOR,bid,4,18,0.18,647
2026-02-26T18:08:13.369026+00:00,KXNBAGAME-26FEB28TORWAS-TOR,bid,3,68,0.68,2000
2026-02-26T18:08:13.369026+00:00,KXNBAGAME-26FEB28TORWAS-TOR,bid,2,70,0.7,5
2026-02-26T18:08:13.369026+00:00,KXNBAGAME-26FEB28TORWAS-TOR,bid,1,71,0.71,175
2026-02-26T18:08:13.369026+00:00,KXNBAGAME-26FEB28TORWAS-TOR,bid,0,73,0.73,225
2026-02-26T18:16:47.400971+00:00,KXNBAGAME-26FEB28TORWAS-TOR,ask,0,1,0.01,12461
2026-02-26T18:16:47.400971+00:00,KXNBAGAME-26FEB28TORWAS-TOR,ask,1,2,0.02,5288
2026-02-26T18:16:47.400971+00:00,KXNBAGAME-26FEB28TORWAS-TOR,ask,2,3,0.03,50873
2026-02-26T18:16:47.400971+00:00,KXNBAGAME-26FEB28TORWAS-TOR,ask,3,4,0.04,1435
2026-02-26T18:16:47.400971+00:00,KXNBAGAME-26FEB28TORWAS-TOR,ask,4,5,0.05,656
2026-02-26T18:16:47.400971+00:00,KXNBAGAME-26FEB28TORWAS-TOR,ask,5,6,0.06,154
2026-02-26T18:16:47.400971+00:00,KXNBAGAME-26FEB28TORWAS-TOR,ask,6,7,0.07,12150
2026-02-26T18:16:47.400971+00:00,KXNBAGAME-26FEB28TORWAS-TOR,ask,7,8,0.08,15522
2026-02-26T18:16:47.400971+00:00,KXNBAGAME-26FEB28TORWAS-TOR,ask,8,9,0.09,548
2026-02-26T18:16:47.400971+00:00,KXNBAGAME-26FEB28TORWAS-TOR,ask,9,12,0.12,500
2026-02-26T18:16:47.400971+00:00,KXNBAGAME-26FEB28TORWAS-TOR,ask,10,13,0.13,500
2026-02-26T18:16:47.400971+00:00,KXNBAGAME-26FEB28TORWAS-TOR,ask,11,16,0.16,20
2026-02-26T18:16:47.400971+00:00,KXNBAGAME-26FEB28TORWAS-TOR,ask,12,19,0.19,124
2026-02-26T18:16:47.400971+00:00,KXNBAGAME-26FEB28TORWAS-TOR,ask,13,21,0.21,903
2026-02-26T18:16:47.400971+00:00,KXNBAGAME-26FEB28TORWAS-TOR,ask,14,22,0.22,5283
2026-02-26T18:16:47.400971+00:00,KXNBAGAME-26FEB28TORWAS-TOR,ask,15,23,0.23,92
2026-02-26T18:16:47.400971+00:00,KXNBAGAME-26FEB28TORWAS-TOR,bid,13,1,0.01,12000
2026-02-26T18:16:47.400971+00:00,KXNBAGAME-26FEB28TORWAS-TOR,bid,12,2,0.02,5100
2026-02-26T18:16:47.400971+00:00,KXNBAGAME-26FEB28TORWAS-TOR,bid,11,3,0.03,50700
2026-02-26T18:16:47.400971+00:00,KXNBAGAME-26FEB28TORWAS-TOR,bid,10,5,0.05,500
2026-02-26T18:16:47.400971+00:00,KXNBAGAME-26FEB28TORWAS-TOR,bid,9,11,0.11,500
2026-02-26T18:16:47.400971+00:00,KXNBAGAME-26FEB28TORWAS-TOR,bid,8,12,0.12,300
2026-02-26T18:16:47.400971+00:00,KXNBAGAME-26FEB28TORWAS-TOR,bid,7,13,0.13,500
2026-02-26T18:16:47.400971+00:00,KXNBAGAME-26FEB28TORWAS-TOR,bid,6,14,0.14,411
2026-02-26T18:16:47.400971+00:00,KXNBAGAME-26FEB28TORWAS-TOR,bid,5,17,0.17,2183
2026-02-26T18:16:47.400971+00:00,KXNBAGAME-26FEB28TORWAS-TOR,bid,4,18,0.18,647
2026-02-26T18:16:47.400971+00:00,KXNBAGAME-26FEB28TORWAS-TOR,bid,3,68,0.68,2000
2026-02-26T18:16:47.400971+00:00,KXNBAGAME-26FEB28TORWAS-TOR,bid,2,70,0.7,5
2026-02-26T18:16:47.400971+00:00,KXNBAGAME-26FEB28TORWAS-TOR,bid,1,71,0.71,175
2026-02-26T18:16:47.400971+00:00,KXNBAGAME-26FEB28TORWAS-TOR,bid,0,73,0.73,225
2026-02-26T18:25:20.273970+00:00,KXNBAGAME-26FEB28TORWAS-TOR,ask,0,1,0.01,12461
2026-02-26T18:25:20.273970+00:00,KXNBAGAME-26FEB28TORWAS-TOR,ask,1,2,0.02,5288
2026-02-26T18:25:20.273970+00:00,KXNBAGAME-26FEB28TORWAS-TOR,ask,2,3,0.03,50873
2026-02-26T18:25:20.273970+00:00,KXNBAGAME-26FEB28TORWAS-TOR,ask,3,4,0.04,1435
2026-02-26T18:25:20.273970+00:00,KXNBAGAME-26FEB28TORWAS-TOR,ask,4,5,0.05,656
2026-02-26T18:25:20.273970+00:00,KXNBAGAME-26FEB28TORWAS-TOR,ask,5,6,0.06,154
2026-02-26T18:25:20.273970+00:00,KXNBAGAME-26FEB28TORWAS-TOR,ask,6,7,0.07,12150
2026-02-26T18:25:20.273970+00:00,KXNBAGAME-26FEB28TORWAS-TOR,ask,7,8,0.08,15522
2026-02-26T18:25:20.273970+00:00,KXNBAGAME-26FEB28TORWAS-TOR,ask,8,9,0.09,548
2026-02-26T18:25:20.273970+00:00,KXNBAGAME-26FEB28TORWAS-TOR,ask,9,12,0.12,500
2026-02-26T18:25:20.273970+00:00,KXNBAGAME-26FEB28TORWAS-TOR,ask,10,13,0.13,500
2026-02-26T18:25:20.273970+00:00,KXNBAGAME-26FEB28TORWAS-TOR,ask,11,16,0.16,20
2026-02-26T18:25:20.273970+00:00,KXNBAGAME-26FEB28TORWAS-TOR,ask,12,19,0.19,124
2026-02-26T18:25:20.273970+00:00,KXNBAGAME-26FEB28TORWAS-TOR,ask,13,21,0.21,903
2026-02-26T18:25:20.273970+00:00,KXNBAGAME-26FEB28TORWAS-TOR,ask,14,22,0.22,5283
2026-02-26T18:25:20.273970+00:00,KXNBAGAME-26FEB28TORWAS-TOR,ask,15,23,0.23,92
2026-02-26T18:25:20.273970+00:00,KXNBAGAME-26FEB28TORWAS-TOR,bid,13,1,0.01,12000
2026-02-26T18:25:20.273970+00:00,KXNBAGAME-26FEB28TORWAS-TOR,bid,12,2,0.02,5100
2026-02-26T18:25:20.273970+00:00,KXNBAGAME-26FEB28TORWAS-TOR,bid,11,3,0.03,50700
2026-02-26T18:25:20.273970+00:00,KXNBAGAME-26FEB28TORWAS-TOR,bid,10,5,0.05,500
2026-02-26T18:25:20.273970+00:00,KXNBAGAME-26FEB28TORWAS-TOR,bid,9,11,0.11,500
2026-02-26T18:25:20.273970+00:00,KXNBAGAME-26FEB28TORWAS-TOR,bid,8,12,0.12,300
2026-02-26T18:25:20.273970+00:00,KXNBAGAME-26FEB28TORWAS-TOR,bid,7,13,0.13,500
2026-02-26T18:25:20.273970+00:00,KXNBAGAME-26FEB28TORWAS-TOR,bid,6,14,0.14,411
2026-02-26T18:25:20.273970+00:00,KXNBAGAME-26FEB28TORWAS-TOR,bid,5,17,0.17,2183
2026-02-26T18:25:20.273970+00:00,KXNBAGAME-26FEB28TORWAS-TOR,bid,4,18,0.18,647
2026-02-26T18:25:20.273970+00:00,KXNBAGAME-26FEB28TORWAS-TOR,bid,3,68,0.68,2000
2026-02-26T18:25:20.273970+00:00,KXNBAGAME-26FEB28TORWAS-TOR,bid,2,70,0.7,5
2026-02-26T18:25:20.273970+00:00,KXNBAGAME-26FEB28TORWAS-TOR,bid,1,71,0.71,175
2026-02-26T18:25:20.273970+00:00,KXNBAGAME-26FEB28TORWAS-TOR,bid,0,73,0.73,225
2026-02-26T18:33:53.733278+00:00,KXNBAGAME-26FEB28TORWAS-TOR,ask,0,1,0.01,12461
2026-02-26T18:33:53.733278+00:00,KXNBAGAME-26FEB28TORWAS-TOR,ask,1,2,0.02,5288
2026-02-26T18:33:53.733278+00:00,KXNBAGAME-26FEB28TORWAS-TOR,ask,2,3,0.03,50873
2026-02-26T18:33:53.733278+00:00,KXNBAGAME-26FEB28TORWAS-TOR,ask,3,4,0.04,1435
2026-02-26T18:33:53.733278+00:00,KXNBAGAME-26FEB28TORWAS-TOR,ask,4,5,0.05,656
2026-02-26T18:33:53.733278+00:00,KXNBAGAME-26FEB28TORWAS-TOR,ask,5,6,0.06,154
2026-02-26T18:33:53.733278+00:00,KXNBAGAME-26FEB28TORWAS-TOR,ask,6,7,0.07,12150
2026-02-26T18:33:53.733278+00:00,KXNBAGAME-26FEB28TORWAS-TOR,ask,7,8,0.08,15522
2026-02-26T18:33:53.733278+00:00,KXNBAGAME-26FEB28TORWAS-TOR,ask,8,9,0.09,548
2026-02-26T18:33:53.733278+00:00,KXNBAGAME-26FEB28TORWAS-TOR,ask,9,12,0.12,500
2026-02-26T18:33:53.733278+00:00,KXNBAGAME-26FEB28TORWAS-TOR,ask,10,13,0.13,500
2026-02-26T18:33:53.733278+00:00,KXNBAGAME-26FEB28TORWAS-TOR,ask,11,16,0.16,20
2026-02-26T18:33:53.733278+00:00,KXNBAGAME-26FEB28TORWAS-TOR,ask,12,19,0.19,124
2026-02-26T18:33:53.733278+00:00,KXNBAGAME-26FEB28TORWAS-TOR,ask,13,21,0.21,903
2026-02-26T18:33:53.733278+00:00,KXNBAGAME-26FEB28TORWAS-TOR,ask,14,22,0.22,5283
2026-02-26T18:33:53.733278+00:00,KXNBAGAME-26FEB28TORWAS-TOR,ask,15,23,0.23,92
2026-02-26T18:33:53.733278+00:00,KXNBAGAME-26FEB28TORWAS-TOR,bid,13,1,0.01,12000
2026-02-26T18:33:53.733278+00:00,KXNBAGAME-26FEB28TORWAS-TOR,bid,12,2,0.02,5100
2026-02-26T18:33:53.733278+00:00,KXNBAGAME-26FEB28TORWAS-TOR,bid,11,3,0.03,50700
2026-02-26T18:33:53.733278+00:00,KXNBAGAME-26FEB28TORWAS-TOR,bid,10,5,0.05,500
2026-02-26T18:33:53.733278+00:00,KXNBAGAME-26FEB28TORWAS-TOR,bid,9,11,0.11,500
2026-02-26T18:33:53.733278+00:00,KXNBAGAME-26FEB28TORWAS-TOR,bid,8,12,0.12,300
2026-02-26T18:33:53.733278+00:00,KXNBAGAME-26FEB28TORWAS-TOR,bid,7,13,0.13,500
2026-02-26T18:33:53.733278+00:00,KXNBAGAME-26FEB28TORWAS-TOR,bid,6,14,0.14,411
2026-02-26T18:33:53.733278+00:00,KXNBAGAME-26FEB28TORWAS-TOR,bid,5,17,0.17,2183
2026-02-26T18:33:53.733278+00:00,KXNBAGAME-26FEB28TORWAS-TOR,bid,4,18,0.18,647
2026-02-26T18:33:53.733278+00:00,KXNBAGAME-26FEB28TORWAS-TOR,bid,3,68,0.68,2000
2026-02-26T18:33:53.733278+00:00,KXNBAGAME-26FEB28TORWAS-TOR,bid,2,70,0.7,5
2026-02-26T18:33:53.733278+00:00,KXNBAGAME-26FEB28TORWAS-TOR,bid,1,71,0.71,175
2026-02-26T18:33:53.733278+00:00,KXNBAGAME-26FEB28TORWAS-TOR,bid,0,73,0.73,225
2026-02-26T18:42:27.597950+00:00,KXNBAGAME-26FEB28TORWAS-TOR,ask,0,1,0.01,12461
2026-02-26T18:42:27.597950+00:00,KXNBAGAME-26FEB28TORWAS-TOR,ask,1,2,0.02,5288
2026-02-26T18:42:27.597950+00:00,KXNBAGAME-26FEB28TORWAS-TOR,ask,2,3,0.03,50873
2026-02-26T18:42:27.597950+00:00,KXNBAGAME-26FEB28TORWAS-TOR,ask,3,4,0.04,1435
2026-02-26T18:42:27.597950+00:00,KXNBAGAME-26FEB28TORWAS-TOR,ask,4,5,0.05,656
2026-02-26T18:42:27.597950+00:00,KXNBAGAME-26FEB28TORWAS-TOR,ask,5,6,0.06,154
2026-02-26T18:42:27.597950+00:00,KXNBAGAME-26FEB28TORWAS-TOR,ask,6,7,0.07,12150
2026-02-26T18:42:27.597950+00:00,KXNBAGAME-26FEB28TORWAS-TOR,ask,7,8,0.08,15522
2026-02-26T18:42:27.597950+00:00,KXNBAGAME-26FEB28TORWAS-TOR,ask,8,9,0.09,548
2026-02-26T18:42:27.597950+00:00,KXNBAGAME-26FEB28TORWAS-TOR,ask,9,12,0.12,500
2026-02-26T18:42:27.597950+00:00,KXNBAGAME-26FEB28TORWAS-TOR,ask,10,13,0.13,500
2026-02-26T18:42:27.597950+00:00,KXNBAGAME-26FEB28TORWAS-TOR,ask,11,16,0.16,20
2026-02-26T18:42:27.597950+00:00,KXNBAGAME-26FEB28TORWAS-TOR,ask,12,19,0.19,124
2026-02-26T18:42:27.597950+00:00,KXNBAGAME-26FEB28TORWAS-TOR,ask,13,21,0.21,903
2026-02-26T18:42:27.597950+00:00,KXNBAGAME-26FEB28TORWAS-TOR,ask,14,22,0.22,5283
2026-02-26T18:42:27.597950+00:00,KXNBAGAME-26FEB28TORWAS-TOR,ask,15,23,0.23,92
2026-02-26T18:42:27.597950+00:00,KXNBAGAME-26FEB28TORWAS-TOR,bid,13,1,0.01,12000
2026-02-26T18:42:27.597950+00:00,KXNBAGAME-26FEB28TORWAS-TOR,bid,12,2,0.02,5100
2026-02-26T18:42:27.597950+00:00,KXNBAGAME-26FEB28TORWAS-TOR,bid,11,3,0.03,50700
2026-02-26T18:42:27.597950+00:00,KXNBAGAME-26FEB28TORWAS-TOR,bid,10,5,0.05,500
2026-02-26T18:42:27.597950+00:00,KXNBAGAME-26FEB28TORWAS-TOR,bid,9,11,0.11,500
2026-02-26T18:42:27.597950+00:00,KXNBAGAME-26FEB28TORWAS-TOR,bid,8,12,0.12,300
2026-02-26T18:42:27.597950+00:00,KXNBAGAME-26FEB28TORWAS-TOR,bid,7,13,0.13,500
2026-02-26T18:42:27.597950+00:00,KXNBAGAME-26FEB28TORWAS-TOR,bid,6,14,0.14,411
2026-02-26T18:42:27.597950+00:00,KXNBAGAME-26FEB28TORWAS-TOR,bid,5,17,0.17,2183
2026-02-26T18:42:27.597950+00:00,KXNBAGAME-26FEB28TORWAS-TOR,bid,4,18,0.18,647
2026-02-26T18:42:27.597950+00:00,KXNBAGAME-26FEB28TORWAS-TOR,bid,3,68,0.68,2000
2026-02-26T18:42:27.597950+00:00,KXNBAGAME-26FEB28TORWAS-TOR,bid,2,70,0.7,5
2026-02-26T18:42:27.597950+00:00,KXNBAGAME-26FEB28TORWAS-TOR,bid,1,71,0.71,175
2026-02-26T18:42:27.597950+00:00,KXNBAGAME-26FEB28TORWAS-TOR,bid,0,73,0.73,225
2026-02-26T18:51:01.270029+00:00,KXNBAGAME-26FEB28TORWAS-TOR,ask,0,1,0.01,12461
2026-02-26T18:51:01.270029+00:00,KXNBAGAME-26FEB28TORWAS-TOR,ask,1,2,0.02,5288
2026-02-26T18:51:01.270029+00:00,KXNBAGAME-26FEB28TORWAS-TOR,ask,2,3,0.03,50873
2026-02-26T18:51:01.270029+00:00,KXNBAGAME-26FEB28TORWAS-TOR,ask,3,4,0.04,1435
2026-02-26T18:51:01.270029+00:00,KXNBAGAME-26FEB28TORWAS-TOR,ask,4,5,0.05,656
2026-02-26T18:51:01.270029+00:00,KXNBAGAME-26FEB28TORWAS-TOR,ask,5,6,0.06,154
2026-02-26T18:51:01.270029+00:00,KXNBAGAME-26FEB28TORWAS-TOR,ask,6,7,0.07,12150
2026-02-26T18:51:01.270029+00:00,KXNBAGAME-26FEB28TORWAS-TOR,ask,7,8,0.08,15522
2026-02-26T18:51:01.270029+00:00,KXNBAGAME-26FEB28TORWAS-TOR,ask,8,9,0.09,548
2026-02-26T18:51:01.270029+00:00,KXNBAGAME-26FEB28TORWAS-TOR,ask,9,12,0.12,500
2026-02-26T18:51:01.270029+00:00,KXNBAGAME-26FEB28TORWAS-TOR,ask,10,13,0.13,500
2026-02-26T18:51:01.270029+00:00,KXNBAGAME-26FEB28TORWAS-TOR,ask,11,16,0.16,20
2026-02-26T18:51:01.270029+00:00,KXNBAGAME-26FEB28TORWAS-TOR,ask,12,19,0.19,124
2026-02-26T18:51:01.270029+00:00,KXNBAGAME-26FEB28TORWAS-TOR,ask,13,21,0.21,903
2026-02-26T18:51:01.270029+00:00,KXNBAGAME-26FEB28TORWAS-TOR,ask,14,22,0.22,5283
2026-02-26T18:51:01.270029+00:00,KXNBAGAME-26FEB28TORWAS-TOR,ask,15,23,0.23,92
2026-02-26T18:51:01.270029+00:00,KXNBAGAME-26FEB28TORWAS-TOR,bid,13,1,0.01,12000
2026-02-26T18:51:01.270029+00:00,KXNBAGAME-26FEB28TORWAS-TOR,bid,12,2,0.02,5100
2026-02-26T18:51:01.270029+00:00,KXNBAGAME-26FEB28TORWAS-TOR,bid,11,3,0.03,50700
2026-02-26T18:51:01.270029+00:00,KXNBAGAME-26FEB28TORWAS-TOR,bid,10,5,0.05,500
2026-02-26T18:51:01.270029+00:00,KXNBAGAME-26FEB28TORWAS-TOR,bid,9,11,0.11,500
2026-02-26T18:51:01.270029+00:00,KXNBAGAME-26FEB28TORWAS-TOR,bid,8,12,0.12,300
2026-02-26T18:51:01.270029+00:00,KXNBAGAME-26FEB28TORWAS-TOR,bid,7,13,0.13,500
2026-02-26T18:51:01.270029+00:00,KXNBAGAME-26FEB28TORWAS-TOR,bid,6,14,0.14,411
2026-02-26T18:51:01.270029+00:00,KXNBAGAME-26FEB28TORWAS-TOR,bid,5,17,0.17,2183
2026-02-26T18:51:01.270029+00:00,KXNBAGAME-26FEB28TORWAS-TOR,bid,4,18,0.18,647
2026-02-26T18:51:01.270029+00:00,KXNBAGAME-26FEB28TORWAS-TOR,bid,3,68,0.68,2000
2026-02-26T18:51:01.270029+00:00,KXNBAGAME-26FEB28TORWAS-TOR,bid,2,70,0.7,5
2026-02-26T18:51:01.270029+00:00,KXNBAGAME-26FEB28TORWAS-TOR,bid,1,71,0.71,175
2026-02-26T18:51:01.270029+00:00,KXNBAGAME-26FEB28TORWAS-TOR,bid,0,73,0.73,225
2026-02-26T18:59:38.504841+00:00,KXNBAGAME-26FEB28TORWAS-TOR,ask,0,1,0.01,12461
2026-02-26T18:59:38.504841+00:00,KXNBAGAME-26FEB28TORWAS-TOR,ask,1,2,0.02,5288
2026-02-26T18:59:38.504841+00:00,KXNBAGAME-26FEB28TORWAS-TOR,ask,2,3,0.03,50873
2026-02-26T18:59:38.504841+00:00,KXNBAGAME-26FEB28TORWAS-TOR,ask,3,4,0.04,1435
2026-02-26T18:59:38.504841+00:00,KXNBAGAME-26FEB28TORWAS-TOR,ask,4,5,0.05,656
2026-02-26T18:59:38.504841+00:00,KXNBAGAME-26FEB28TORWAS-TOR,ask,5,6,0.06,154
2026-02-26T18:59:38.504841+00:00,KXNBAGAME-26FEB28TORWAS-TOR,ask,6,7,0.07,12150
2026-02-26T18:59:38.504841+00:00,KXNBAGAME-26FEB28TORWAS-TOR,ask,7,8,0.08,15522
2026-02-26T18:59:38.504841+00:00,KXNBAGAME-26FEB28TORWAS-TOR,ask,8,9,0.09,548
2026-02-26T18:59:38.504841+00:00,KXNBAGAME-26FEB28TORWAS-TOR,ask,9,12,0.12,500
2026-02-26T18:59:38.504841+00:00,KXNBAGAME-26FEB28TORWAS-TOR,ask,10,13,0.13,500
2026-02-26T18:59:38.504841+00:00,KXNBAGAME-26FEB28TORWAS-TOR,ask,11,16,0.16,20
2026-02-26T18:59:38.504841+00:00,KXNBAGAME-26FEB28TORWAS-TOR,ask,12,19,0.19,124
2026-02-26T18:59:38.504841+00:00,KXNBAGAME-26FEB28TORWAS-TOR,ask,13,21,0.21,903
2026-02-26T18:59:38.504841+00:00,KXNBAGAME-26FEB28TORWAS-TOR,ask,14,22,0.22,5283
2026-02-26T18:59:38.504841+00:00,KXNBAGAME-26FEB28TORWAS-TOR,ask,15,23,0.23,92
2026-02-26T18:59:38.504841+00:00,KXNBAGAME-26FEB28TORWAS-TOR,bid,13,1,0.01,12000
2026-02-26T18:59:38.504841+00:00,KXNBAGAME-26FEB28TORWAS-TOR,bid,12,2,0.02,5100
2026-02-26T18:59:38.504841+00:00,KXNBAGAME-26FEB28TORWAS-TOR,bid,11,3,0.03,50700
2026-02-26T18:59:38.504841+00:00,KXNBAGAME-26FEB28TORWAS-TOR,bid,10,5,0.05,500
2026-02-26T18:59:38.504841+00:00,KXNBAGAME-26FEB28TORWAS-TOR,bid,9,11,0.11,500
2026-02-26T18:59:38.504841+00:00,KXNBAGAME-26FEB28TORWAS-TOR,bid,8,12,0.12,300
2026-02-26T18:59:38.504841+00:00,KXNBAGAME-26FEB28TORWAS-TOR,bid,7,13,0.13,500
2026-02-26T18:59:38.504841+00:00,KXNBAGAME-26FEB28TORWAS-TOR,bid,6,14,0.14,411
2026-02-26T18:59:38.504841+00:00,KXNBAGAME-26FEB28TORWAS-TOR,bid,5,17,0.17,2183
2026-02-26T18:59:38.504841+00:00,KXNBAGAME-26FEB28TORWAS-TOR,bid,4,18,0.18,647
2026-02-26T18:59:38.504841+00:00,KXNBAGAME-26FEB28TORWAS-TOR,bid,3,68,0.68,2000
2026-02-26T18:59:38.504841+00:00,KXNBAGAME-26FEB28TORWAS-TOR,bid,2,70,0.7,5
2026-02-26T18:59:38.504841+00:00,KXNBAGAME-26FEB28TORWAS-TOR,bid,1,71,0.71,175
2026-02-26T18:59:38.504841+00:00,KXNBAGAME-26FEB28TORWAS-TOR,bid,0,73,0.73,225
2026-02-26T19:08:16.742847+00:00,KXNBAGAME-26FEB28TORWAS-TOR,ask,0,1,0.01,12461
2026-02-26T19:08:16.742847+00:00,KXNBAGAME-26FEB28TORWAS-TOR,ask,1,2,0.02,5288
2026-02-26T19:08:16.742847+00:00,KXNBAGAME-26FEB28TORWAS-TOR,ask,2,3,0.03,50873
2026-02-26T19:08:16.742847+00:00,KXNBAGAME-26FEB28TORWAS-TOR,ask,3,4,0.04,1435
2026-02-26T19:08:16.742847+00:00,KXNBAGAME-26FEB28TORWAS-TOR,ask,4,5,0.05,656
2026-02-26T19:08:16.742847+00:00,KXNBAGAME-26FEB28TORWAS-TOR,ask,5,6,0.06,154
2026-02-26T19:08:16.742847+00:00,KXNBAGAME-26FEB28TORWAS-TOR,ask,6,7,0.07,12150
2026-02-26T19:08:16.742847+00:00,KXNBAGAME-26FEB28TORWAS-TOR,ask,7,8,0.08,15522
2026-02-26T19:08:16.742847+00:00,KXNBAGAME-26FEB28TORWAS-TOR,ask,8,9,0.09,548
2026-02-26T19:08:16.742847+00:00,KXNBAGAME-26FEB28TORWAS-TOR,ask,9,12,0.12,500
2026-02-26T19:08:16.742847+00:00,KXNBAGAME-26FEB28TORWAS-TOR,ask,10,13,0.13,500
2026-02-26T19:08:16.742847+00:00,KXNBAGAME-26FEB28TORWAS-TOR,ask,11,16,0.16,20
2026-02-26T19:08:16.742847+00:00,KXNBAGAME-26FEB28TORWAS-TOR,ask,12,19,0.19,124
2026-02-26T19:08:16.742847+00:00,KXNBAGAME-26FEB28TORWAS-TOR,ask,13,21,0.21,903
2026-02-26T19:08:16.742847+00:00,KXNBAGAME-26FEB28TORWAS-TOR,ask,14,22,0.22,5283
2026-02-26T19:08:16.742847+00:00,KXNBAGAME-26FEB28TORWAS-TOR,ask,15,23,0.23,92
2026-02-26T19:08:16.742847+00:00,KXNBAGAME-26FEB28TORWAS-TOR,bid,13,1,0.01,12000
2026-02-26T19:08:16.742847+00:00,KXNBAGAME-26FEB28TORWAS-TOR,bid,12,2,0.02,5100
2026-02-26T19:08:16.742847+00:00,KXNBAGAME-26FEB28TORWAS-TOR,bid,11,3,0.03,50700
2026-02-26T19:08:16.742847+00:00,KXNBAGAME-26FEB28TORWAS-TOR,bid,10,5,0.05,500
2026-02-26T19:08:16.742847+00:00,KXNBAGAME-26FEB28TORWAS-TOR,bid,9,11,0.11,500
2026-02-26T19:08:16.742847+00:00,KXNBAGAME-26FEB28TORWAS-TOR,bid,8,12,0.12,300
2026-02-26T19:08:16.742847+00:00,KXNBAGAME-26FEB28TORWAS-TOR,bid,7,13,0.13,500
2026-02-26T19:08:16.742847+00:00,KXNBAGAME-26FEB28TORWAS-TOR,bid,6,14,0.14,411
2026-02-26T19:08:16.742847+00:00,KXNBAGAME-26FEB28TORWAS-TOR,bid,5,17,0.17,2183
2026-02-26T19:08:16.742847+00:00,KXNBAGAME-26FEB28TORWAS-TOR,bid,4,18,0.18,647
2026-02-26T19:08:16.742847+00:00,KXNBAGAME-26FEB28TORWAS-TOR,bid,3,68,0.68,2000
2026-02-26T19:08:16.742847+00:00,KXNBAGAME-26FEB28TORWAS-TOR,bid,2,70,0.7,5
2026-02-26T19:08:16.742847+00:00,KXNBAGAME-26FEB28TORWAS-TOR,bid,1,71,0.71,175
2026-02-26T19:08:16.742847+00:00,KXNBAGAME-26FEB28TORWAS-TOR,bid,0,73,0.73,225
2026-02-26T19:17:06.998202+00:00,KXNBAGAME-26FEB28TORWAS-TOR,ask,0,1,0.01,12461
2026-02-26T19:17:06.998202+00:00,KXNBAGAME-26FEB28TORWAS-TOR,ask,1,2,0.02,5288
2026-02-26T19:17:06.998202+00:00,KXNBAGAME-26FEB28TORWAS-TOR,ask,2,3,0.03,50873
2026-02-26T19:17:06.998202+00:00,KXNBAGAME-26FEB28TORWAS-TOR,ask,3,4,0.04,1435
2026-02-26T19:17:06.998202+00:00,KXNBAGAME-26FEB28TORWAS-TOR,ask,4,5,0.05,656
2026-02-26T19:17:06.998202+00:00,KXNBAGAME-26FEB28TORWAS-TOR,ask,5,6,0.06,154
2026-02-26T19:17:06.998202+00:00,KXNBAGAME-26FEB28TORWAS-TOR,ask,6,7,0.07,12150
2026-02-26T19:17:06.998202+00:00,KXNBAGAME-26FEB28TORWAS-TOR,ask,7,8,0.08,15522
2026-02-26T19:17:06.998202+00:00,KXNBAGAME-26FEB28TORWAS-TOR,ask,8,9,0.09,548
2026-02-26T19:17:06.998202+00:00,KXNBAGAME-26FEB28TORWAS-TOR,ask,9,12,0.12,500
2026-02-26T19:17:06.998202+00:00,KXNBAGAME-26FEB28TORWAS-TOR,ask,10,13,0.13,500
2026-02-26T19:17:06.998202+00:00,KXNBAGAME-26FEB28TORWAS-TOR,ask,11,16,0.16,20
2026-02-26T19:17:06.998202+00:00,KXNBAGAME-26FEB28TORWAS-TOR,ask,12,19,0.19,124
2026-02-26T19:17:06.998202+00:00,KXNBAGAME-26FEB28TORWAS-TOR,ask,13,21,0.21,903
2026-02-26T19:17:06.998202+00:00,KXNBAGAME-26FEB28TORWAS-TOR,ask,14,22,0.22,5283
2026-02-26T19:17:06.998202+00:00,KXNBAGAME-26FEB28TORWAS-TOR,ask,15,23,0.23,92
2026-02-26T19:17:06.998202+00:00,KXNBAGAME-26FEB28TORWAS-TOR,bid,13,1,0.01,12000
2026-02-26T19:17:06.998202+00:00,KXNBAGAME-26FEB28TORWAS-TOR,bid,12,2,0.02,5100
2026-02-26T19:17:06.998202+00:00,KXNBAGAME-26FEB28TORWAS-TOR,bid,11,3,0.03,50700
2026-02-26T19:17:06.998202+00:00,KXNBAGAME-26FEB28TORWAS-TOR,bid,10,5,0.05,500
2026-02-26T19:17:06.998202+00:00,KXNBAGAME-26FEB28TORWAS-TOR,bid,9,11,0.11,500
2026-02-26T19:17:06.998202+00:00,KXNBAGAME-26FEB28TORWAS-TOR,bid,8,12,0.12,300
2026-02-26T19:17:06.998202+00:00,KXNBAGAME-26FEB28TORWAS-TOR,bid,7,13,0.13,500
2026-02-26T19:17:06.998202+00:00,KXNBAGAME-26FEB28TORWAS-TOR,bid,6,14,0.14,411
2026-02-26T19:17:06.998202+00:00,KXNBAGAME-26FEB28TORWAS-TOR,bid,5,17,0.17,2183
2026-02-26T19:17:06.998202+00:00,KXNBAGAME-26FEB28TORWAS-TOR,bid,4,18,0.18,647
2026-02-26T19:17:06.998202+00:00,KXNBAGAME-26FEB28TORWAS-TOR,bid,3,68,0.68,2000
2026-02-26T19:17:06.998202+00:00,KXNBAGAME-26FEB28TORWAS-TOR,bid,2,70,0.7,5
2026-02-26T19:17:06.998202+00:00,KXNBAGAME-26FEB28TORWAS-TOR,bid,1,71,0.71,175
2026-02-26T19:17:06.998202+00:00,KXNBAGAME-26FEB28TORWAS-TOR,bid,0,73,0.73,225
2026-02-26T19:25:56.979291+00:00,KXNBAGAME-26FEB28TORWAS-TOR,ask,0,1,0.01,12461
2026-02-26T19:25:56.979291+00:00,KXNBAGAME-26FEB28TORWAS-TOR,ask,1,2,0.02,5288
2026-02-26T19:25:56.979291+00:00,KXNBAGAME-26FEB28TORWAS-TOR,ask,2,3,0.03,50873
2026-02-26T19:25:56.979291+00:00,KXNBAGAME-26FEB28TORWAS-TOR,ask,3,4,0.04,1435
2026-02-26T19:25:56.979291+00:00,KXNBAGAME-26FEB28TORWAS-TOR,ask,4,5,0.05,656
2026-02-26T19:25:56.979291+00:00,KXNBAGAME-26FEB28TORWAS-TOR,ask,5,6,0.06,154
2026-02-26T19:25:56.979291+00:00,KXNBAGAME-26FEB28TORWAS-TOR,ask,6,7,0.07,12150
2026-02-26T19:25:56.979291+00:00,KXNBAGAME-26FEB28TORWAS-TOR,ask,7,8,0.08,15522
2026-02-26T19:25:56.979291+00:00,KXNBAGAME-26FEB28TORWAS-TOR,ask,8,9,0.09,548
2026-02-26T19:25:56.979291+00:00,KXNBAGAME-26FEB28TORWAS-TOR,ask,9,12,0.12,500
2026-02-26T19:25:56.979291+00:00,KXNBAGAME-26FEB28TORWAS-TOR,ask,10,13,0.13,500
2026-02-26T19:25:56.979291+00:00,KXNBAGAME-26FEB28TORWAS-TOR,ask,11,16,0.16,20
2026-02-26T19:25:56.979291+00:00,KXNBAGAME-26FEB28TORWAS-TOR,ask,12,19,0.19,124
2026-02-26T19:25:56.979291+00:00,KXNBAGAME-26FEB28TORWAS-TOR,ask,13,21,0.21,903
2026-02-26T19:25:56.979291+00:00,KXNBAGAME-26FEB28TORWAS-TOR,ask,14,22,0.22,5283
2026-02-26T19:25:56.979291+00:00,KXNBAGAME-26FEB28TORWAS-TOR,ask,15,23,0.23,92
2026-02-26T19:25:56.979291+00:00,KXNBAGAME-26FEB28TORWAS-TOR,bid,13,1,0.01,12000
2026-02-26T19:25:56.979291+00:00,KXNBAGAME-26FEB28TORWAS-TOR,bid,12,2,0.02,5100
2026-02-26T19:25:56.979291+00:00,KXNBAGAME-26FEB28TORWAS-TOR,bid,11,3,0.03,50700
2026-02-26T19:25:56.979291+00:00,KXNBAGAME-26FEB28TORWAS-TOR,bid,10,5,0.05,500
2026-02-26T19:25:56.979291+00:00,KXNBAGAME-26FEB28TORWAS-TOR,bid,9,11,0.11,500
2026-02-26T19:25:56.979291+00:00,KXNBAGAME-26FEB28TORWAS-TOR,bid,8,12,0.12,300
2026-02-26T19:25:56.979291+00:00,KXNBAGAME-26FEB28TORWAS-TOR,bid,7,13,0.13,500
2026-02-26T19:25:56.979291+00:00,KXNBAGAME-26FEB28TORWAS-TOR,bid,6,14,0.14,411
2026-02-26T19:25:56.979291+00:00,KXNBAGAME-26FEB28TORWAS-TOR,bid,5,17,0.17,2183
2026-02-26T19:25:56.979291+00:00,KXNBAGAME-26FEB28TORWAS-TOR,bid,4,18,0.18,647
2026-02-26T19:25:56.979291+00:00,KXNBAGAME-26FEB28TORWAS-TOR,bid,3,68,0.68,2000
2026-02-26T19:25:56.979291+00:00,KXNBAGAME-26FEB28TORWAS-TOR,bid,2,70,0.7,5
2026-02-26T19:25:56.979291+00:00,KXNBAGAME-26FEB28TORWAS-TOR,bid,1,71,0.71,175
2026-02-26T19:25:56.979291+00:00,KXNBAGAME-26FEB28TORWAS-TOR,bid,0,73,0.73,225
2026-02-26T19:30:44.987042+00:00,KXNBAGAME-26FEB28TORWAS-TOR,ask,0,1,0.01,12461
2026-02-26T19:30:44.987042+00:00,KXNBAGAME-26FEB28TORWAS-TOR,ask,1,2,0.02,5422
2026-02-26T19:30:44.987042+00:00,KXNBAGAME-26FEB28TORWAS-TOR,ask,2,3,0.03,50996
2026-02-26T19:30:44.987042+00:00,KXNBAGAME-26FEB28TORWAS-TOR,ask,3,4,0.04,290
2026-02-26T19:30:44.987042+00:00,KXNBAGAME-26FEB28TORWAS-TOR,ask,4,5,0.05,1768
2026-02-26T19:30:44.987042+00:00,KXNBAGAME-26FEB28TORWAS-TOR,ask,5,6,0.06,264
2026-02-26T19:30:44.987042+00:00,KXNBAGAME-26FEB28TORWAS-TOR,ask,6,7,0.07,12258
2026-02-26T19:30:44.987042+00:00,KXNBAGAME-26FEB28TORWAS-TOR,ask,7,8,0.08,15522
2026-02-26T19:30:44.987042+00:00,KXNBAGAME-26FEB28TORWAS-TOR,ask,8,9,0.09,548
2026-02-26T19:30:44.987042+00:00,KXNBAGAME-26FEB28TORWAS-TOR,ask,9,12,0.12,500
2026-02-26T19:30:44.987042+00:00,KXNBAGAME-26FEB28TORWAS-TOR,ask,10,13,0.13,500
2026-02-26T19:30:44.987042+00:00,KXNBAGAME-26FEB28TORWAS-TOR,ask,11,16,0.16,20
2026-02-26T19:30:44.987042+00:00,KXNBAGAME-26FEB28TORWAS-TOR,ask,12,19,0.19,124
2026-02-26T19:30:44.987042+00:00,KXNBAGAME-26FEB28TORWAS-TOR,ask,13,21,0.21,822
2026-02-26T19:30:44.987042+00:00,KXNBAGAME-26FEB28TORWAS-TOR,ask,14,22,0.22,5019
2026-02-26T19:30:44.987042+00:00,KXNBAGAME-26FEB28TORWAS-TOR,bid,22,1,0.01,12000
2026-02-26T19:30:44.987042+00:00,KXNBAGAME-26FEB28TORWAS-TOR,bid,21,2,0.02,5100
2026-02-26T19:30:44.987042+00:00,KXNBAGAME-26FEB28TORWAS-TOR,bid,20,3,0.03,50700
2026-02-26T19:30:44.987042+00:00,KXNBAGAME-26FEB28TORWAS-TOR,bid,19,5,0.05,500
2026-02-26T19:30:44.987042+00:00,KXNBAGAME-26FEB28TORWAS-TOR,bid,18,11,0.11,500
2026-02-26T19:30:44.987042+00:00,KXNBAGAME-26FEB28TORWAS-TOR,bid,17,12,0.12,300
2026-02-26T19:30:44.987042+00:00,KXNBAGAME-26FEB28TORWAS-TOR,bid,16,13,0.13,500
2026-02-26T19:30:44.987042+00:00,KXNBAGAME-26FEB28TORWAS-TOR,bid,15,14,0.14,411
2026-02-26T19:30:44.987042+00:00,KXNBAGAME-26FEB28TORWAS-TOR,bid,14,21,0.21,1767
2026-02-26T19:30:44.987042+00:00,KXNBAGAME-26FEB28TORWAS-TOR,bid,13,22,0.22,636
2026-02-26T19:30:44.987042+00:00,KXNBAGAME-26FEB28TORWAS-TOR,bid,12,46,0.46,275
2026-02-26T19:30:44.987042+00:00,KXNBAGAME-26FEB28TORWAS-TOR,bid,11,47,0.47,242
2026-02-26T19:30:44.987042+00:00,KXNBAGAME-26FEB28TORWAS-TOR,bid,10,48,0.48,223
2026-02-26T19:30:44.987042+00:00,KXNBAGAME-26FEB28TORWAS-TOR,bid,9,49,0.49,146
2026-02-26T19:30:44.987042+00:00,KXNBAGAME-26FEB28TORWAS-TOR,bid,8,50,0.5,107
2026-02-26T19:30:44.987042+00:00,KXNBAGAME-26FEB28TORWAS-TOR,bid,7,51,0.51,88
2026-02-26T19:30:44.987042+00:00,KXNBAGAME-26FEB28TORWAS-TOR,bid,6,52,0.52,86
2026-02-26T19:30:44.987042+00:00,KXNBAGAME-26FEB28TORWAS-TOR,bid,5,68,0.68,2000
2026-02-26T19:30:44.987042+00:00,KXNBAGAME-26FEB28TORWAS-TOR,bid,4,70,0.7,5
2026-02-26T19:30:44.987042+00:00,KXNBAGAME-26FEB28TORWAS-TOR,bid,3,73,0.73,200
2026-02-26T19:30:44.987042+00:00,KXNBAGAME-26FEB28TORWAS-TOR,bid,2,74,0.74,60
2026-02-26T19:30:44.987042+00:00,KXNBAGAME-26FEB28TORWAS-TOR,bid,1,75,0.75,114
2026-02-26T19:30:44.987042+00:00,KXNBAGAME-26FEB28TORWAS-TOR,bid,0,76,0.76,125
2026-02-26T19:32:13.536594+00:00,KXNBAGAME-26FEB28TORWAS-TOR,ask,0,1,0.01,12461
2026-02-26T19:32:13.536594+00:00,KXNBAGAME-26FEB28TORWAS-TOR,ask,1,2,0.02,5422
2026-02-26T19:32:13.536594+00:00,KXNBAGAME-26FEB28TORWAS-TOR,ask,2,3,0.03,50996
2026-02-26T19:32:13.536594+00:00,KXNBAGAME-26FEB28TORWAS-TOR,ask,3,4,0.04,290
2026-02-26T19:32:13.536594+00:00,KXNBAGAME-26FEB28TORWAS-TOR,ask,4,5,0.05,1768
2026-02-26T19:32:13.536594+00:00,KXNBAGAME-26FEB28TORWAS-TOR,ask,5,6,0.06,264
2026-02-26T19:32:13.536594+00:00,KXNBAGAME-26FEB28TORWAS-TOR,ask,6,7,0.07,12258
2026-02-26T19:32:13.536594+00:00,KXNBAGAME-26FEB28TORWAS-TOR,ask,7,8,0.08,15522
2026-02-26T19:32:13.536594+00:00,KXNBAGAME-26FEB28TORWAS-TOR,ask,8,9,0.09,548
2026-02-26T19:32:13.536594+00:00,KXNBAGAME-26FEB28TORWAS-TOR,ask,9,12,0.12,500
2026-02-26T19:32:13.536594+00:00,KXNBAGAME-26FEB28TORWAS-TOR,ask,10,13,0.13,500
2026-02-26T19:32:13.536594+00:00,KXNBAGAME-26FEB28TORWAS-TOR,ask,11,16,0.16,20
2026-02-26T19:32:13.536594+00:00,KXNBAGAME-26FEB28TORWAS-TOR,ask,12,19,0.19,124
2026-02-26T19:32:13.536594+00:00,KXNBAGAME-26FEB28TORWAS-TOR,ask,13,21,0.21,822
2026-02-26T19:32:13.536594+00:00,KXNBAGAME-26FEB28TORWAS-TOR,ask,14,22,0.22,5019
2026-02-26T19:32:13.536594+00:00,KXNBAGAME-26FEB28TORWAS-TOR,bid,22,1,0.01,12000
2026-02-26T19:32:13.536594+00:00,KXNBAGAME-26FEB28TORWAS-TOR,bid,21,2,0.02,5100
2026-02-26T19:32:13.536594+00:00,KXNBAGAME-26FEB28TORWAS-TOR,bid,20,3,0.03,50700
2026-02-26T19:32:13.536594+00:00,KXNBAGAME-26FEB28TORWAS-TOR,bid,19,5,0.05,500
2026-02-26T19:32:13.536594+00:00,KXNBAGAME-26FEB28TORWAS-TOR,bid,18,11,0.11,500
2026-02-26T19:32:13.536594+00:00,KXNBAGAME-26FEB28TORWAS-TOR,bid,17,12,0.12,300
2026-02-26T19:32:13.536594+00:00,KXNBAGAME-26FEB28TORWAS-TOR,bid,16,13,0.13,500
2026-02-26T19:32:13.536594+00:00,KXNBAGAME-26FEB28TORWAS-TOR,bid,15,14,0.14,411
2026-02-26T19:32:13.536594+00:00,KXNBAGAME-26FEB28TORWAS-TOR,bid,14,21,0.21,1767
2026-02-26T19:32:13.536594+00:00,KXNBAGAME-26FEB28TORWAS-TOR,bid,13,22,0.22,636
2026-02-26T19:32:13.536594+00:00,KXNBAGAME-26FEB28TORWAS-TOR,bid,12,46,0.46,275
2026-02-26T19:32:13.536594+00:00,KXNBAGAME-26FEB28TORWAS-TOR,bid,11,47,0.47,242
2026-02-26T19:32:13.536594+00:00,KXNBAGAME-26FEB28TORWAS-TOR,bid,10,48,0.48,223
2026-02-26T19:32:13.536594+00:00,KXNBAGAME-26FEB28TORWAS-TOR,bid,9,49,0.49,146
2026-02-26T19:32:13.536594+00:00,KXNBAGAME-26FEB28TORWAS-TOR,bid,8,50,0.5,107
2026-02-26T19:32:13.536594+00:00,KXNBAGAME-26FEB28TORWAS-TOR,bid,7,51,0.51,88
2026-02-26T19:32:13.536594+00:00,KXNBAGAME-26FEB28TORWAS-TOR,bid,6,52,0.52,86
2026-02-26T19:32:13.536594+00:00,KXNBAGAME-26FEB28TORWAS-TOR,bid,5,68,0.68,2000
2026-02-26T19:32:13.536594+00:00,KXNBAGAME-26FEB28TORWAS-TOR,bid,4,70,0.7,5
2026-02-26T19:32:13.536594+00:00,KXNBAGAME-26FEB28TORWAS-TOR,bid,3,73,0.73,200
2026-02-26T19:32:13.536594+00:00,KXNBAGAME-26FEB28TORWAS-TOR,bid,2,74,0.74,60
2026-02-26T19:32:13.536594+00:00,KXNBAGAME-26FEB28TORWAS-TOR,bid,1,75,0.75,114
2026-02-26T19:32:13.536594+00:00,KXNBAGAME-26FEB28TORWAS-TOR,bid,0,76,0.76,125
2026-02-26T19:34:47.534217+00:00,KXNBAGAME-26FEB28TORWAS-TOR,ask,0,1,0.01,12461
2026-02-26T19:34:47.534217+00:00,KXNBAGAME-26FEB28TORWAS-TOR,ask,1,2,0.02,5288
2026-02-26T19:34:47.534217+00:00,KXNBAGAME-26FEB28TORWAS-TOR,ask,2,3,0.03,50873
2026-02-26T19:34:47.534217+00:00,KXNBAGAME-26FEB28TORWAS-TOR,ask,3,4,0.04,1435
2026-02-26T19:34:47.534217+00:00,KXNBAGAME-26FEB28TORWAS-TOR,ask,4,5,0.05,656
2026-02-26T19:34:47.534217+00:00,KXNBAGAME-26FEB28TORWAS-TOR,ask,5,6,0.06,154
2026-02-26T19:34:47.534217+00:00,KXNBAGAME-26FEB28TORWAS-TOR,ask,6,7,0.07,12150
2026-02-26T19:34:47.534217+00:00,KXNBAGAME-26FEB28TORWAS-TOR,ask,7,8,0.08,15522
2026-02-26T19:34:47.534217+00:00,KXNBAGAME-26FEB28TORWAS-TOR,ask,8,9,0.09,548
2026-02-26T19:34:47.534217+00:00,KXNBAGAME-26FEB28TORWAS-TOR,ask,9,12,0.12,500
2026-02-26T19:34:47.534217+00:00,KXNBAGAME-26FEB28TORWAS-TOR,ask,10,13,0.13,500
2026-02-26T19:34:47.534217+00:00,KXNBAGAME-26FEB28TORWAS-TOR,ask,11,16,0.16,20
2026-02-26T19:34:47.534217+00:00,KXNBAGAME-26FEB28TORWAS-TOR,ask,12,19,0.19,124
2026-02-26T19:34:47.534217+00:00,KXNBAGAME-26FEB28TORWAS-TOR,ask,13,21,0.21,903
2026-02-26T19:34:47.534217+00:00,KXNBAGAME-26FEB28TORWAS-TOR,ask,14,22,0.22,5283
2026-02-26T19:34:47.534217+00:00,KXNBAGAME-26FEB28TORWAS-TOR,ask,15,23,0.23,92
2026-02-26T19:34:47.534217+00:00,KXNBAGAME-26FEB28TORWAS-TOR,bid,13,1,0.01,12000
2026-02-26T19:34:47.534217+00:00,KXNBAGAME-26FEB28TORWAS-TOR,bid,12,2,0.02,5100
2026-02-26T19:34:47.534217+00:00,KXNBAGAME-26FEB28TORWAS-TOR,bid,11,3,0.03,50700
2026-02-26T19:34:47.534217+00:00,KXNBAGAME-26FEB28TORWAS-TOR,bid,10,5,0.05,500
2026-02-26T19:34:47.534217+00:00,KXNBAGAME-26FEB28TORWAS-TOR,bid,9,11,0.11,500
2026-02-26T19:34:47.534217+00:00,KXNBAGAME-26FEB28TORWAS-TOR,bid,8,12,0.12,300
2026-02-26T19:34:47.534217+00:00,KXNBAGAME-26FEB28TORWAS-TOR,bid,7,13,0.13,500
2026-02-26T19:34:47.534217+00:00,KXNBAGAME-26FEB28TORWAS-TOR,bid,6,14,0.14,411
2026-02-26T19:34:47.534217+00:00,KXNBAGAME-26FEB28TORWAS-TOR,bid,5,17,0.17,2183
2026-02-26T19:34:47.534217+00:00,KXNBAGAME-26FEB28TORWAS-TOR,bid,4,18,0.18,647
2026-02-26T19:34:47.534217+00:00,KXNBAGAME-26FEB28TORWAS-TOR,bid,3,68,0.68,2000
2026-02-26T19:34:47.534217+00:00,KXNBAGAME-26FEB28TORWAS-TOR,bid,2,70,0.7,5
2026-02-26T19:34:47.534217+00:00,KXNBAGAME-26FEB28TORWAS-TOR,bid,1,71,0.71,175
2026-02-26T19:34:47.534217+00:00,KXNBAGAME-26FEB28TORWAS-TOR,bid,0,73,0.73,225
2026-02-26T19:37:39.158011+00:00,KXNBAGAME-26FEB28TORWAS-TOR,ask,0,1,0.01,12461
2026-02-26T19:37:39.158011+00:00,KXNBAGAME-26FEB28TORWAS-TOR,ask,1,2,0.02,5422
2026-02-26T19:37:39.158011+00:00,KXNBAGAME-26FEB28TORWAS-TOR,ask,2,3,0.03,50996
2026-02-26T19:37:39.158011+00:00,KXNBAGAME-26FEB28TORWAS-TOR,ask,3,4,0.04,290
2026-02-26T19:37:39.158011+00:00,KXNBAGAME-26FEB28TORWAS-TOR,ask,4,5,0.05,1768
2026-02-26T19:37:39.158011+00:00,KXNBAGAME-26FEB28TORWAS-TOR,ask,5,6,0.06,264
2026-02-26T19:37:39.158011+00:00,KXNBAGAME-26FEB28TORWAS-TOR,ask,6,7,0.07,12258
2026-02-26T19:37:39.158011+00:00,KXNBAGAME-26FEB28TORWAS-TOR,ask,7,8,0.08,15522
2026-02-26T19:37:39.158011+00:00,KXNBAGAME-26FEB28TORWAS-TOR,ask,8,9,0.09,548
2026-02-26T19:37:39.158011+00:00,KXNBAGAME-26FEB28TORWAS-TOR,ask,9,12,0.12,500
2026-02-26T19:37:39.158011+00:00,KXNBAGAME-26FEB28TORWAS-TOR,ask,10,13,0.13,500
2026-02-26T19:37:39.158011+00:00,KXNBAGAME-26FEB28TORWAS-TOR,ask,11,16,0.16,20
2026-02-26T19:37:39.158011+00:00,KXNBAGAME-26FEB28TORWAS-TOR,ask,12,19,0.19,124
2026-02-26T19:37:39.158011+00:00,KXNBAGAME-26FEB28TORWAS-TOR,ask,13,21,0.21,822
2026-02-26T19:37:39.158011+00:00,KXNBAGAME-26FEB28TORWAS-TOR,ask,14,22,0.22,5019
2026-02-26T19:37:39.158011+00:00,KXNBAGAME-26FEB28TORWAS-TOR,bid,22,1,0.01,12000
2026-02-26T19:37:39.158011+00:00,KXNBAGAME-26FEB28TORWAS-TOR,bid,21,2,0.02,5100
2026-02-26T19:37:39.158011+00:00,KXNBAGAME-26FEB28TORWAS-TOR,bid,20,3,0.03,50700
2026-02-26T19:37:39.158011+00:00,KXNBAGAME-26FEB28TORWAS-TOR,bid,19,5,0.05,500
2026-02-26T19:37:39.158011+00:00,KXNBAGAME-26FEB28TORWAS-TOR,bid,18,11,0.11,500
2026-02-26T19:37:39.158011+00:00,KXNBAGAME-26FEB28TORWAS-TOR,bid,17,12,0.12,300
2026-02-26T19:37:39.158011+00:00,KXNBAGAME-26FEB28TORWAS-TOR,bid,16,13,0.13,500
2026-02-26T19:37:39.158011+00:00,KXNBAGAME-26FEB28TORWAS-TOR,bid,15,14,0.14,411
2026-02-26T19:37:39.158011+00:00,KXNBAGAME-26FEB28TORWAS-TOR,bid,14,21,0.21,1767
2026-02-26T19:37:39.158011+00:00,KXNBAGAME-26FEB28TORWAS-TOR,bid,13,22,0.22,636
2026-02-26T19:37:39.158011+00:00,KXNBAGAME-26FEB28TORWAS-TOR,bid,12,46,0.46,275
2026-02-26T19:37:39.158011+00:00,KXNBAGAME-26FEB28TORWAS-TOR,bid,11,47,0.47,242
2026-02-26T19:37:39.158011+00:00,KXNBAGAME-26FEB28TORWAS-TOR,bid,10,48,0.48,223
2026-02-26T19:37:39.158011+00:00,KXNBAGAME-26FEB28TORWAS-TOR,bid,9,49,0.49,146
2026-02-26T19:37:39.158011+00:00,KXNBAGAME-26FEB28TORWAS-TOR,bid,8,50,0.5,107
2026-02-26T19:37:39.158011+00:00,KXNBAGAME-26FEB28TORWAS-TOR,bid,7,51,0.51,88
2026-02-26T19:37:39.158011+00:00,KXNBAGAME-26FEB28TORWAS-TOR,bid,6,52,0.52,86
2026-02-26T19:37:39.158011+00:00,KXNBAGAME-26FEB28TORWAS-TOR,bid,5,68,0.68,2000
2026-02-26T19:37:39.158011+00:00,KXNBAGAME-26FEB28TORWAS-TOR,bid,4,70,0.7,5
2026-02-26T19:37:39.158011+00:00,KXNBAGAME-26FEB28TORWAS-TOR,bid,3,73,0.73,200
2026-02-26T19:37:39.158011+00:00,KXNBAGAME-26FEB28TORWAS-TOR,bid,2,74,0.74,60
2026-02-26T19:37:39.158011+00:00,KXNBAGAME-26FEB28TORWAS-TOR,bid,1,75,0.75,114
2026-02-26T19:37:39.158011+00:00,KXNBAGAME-26FEB28TORWAS-TOR,bid,0,76,0.76,125
2026-02-26T19:43:42.520364+00:00,KXNBAGAME-26FEB28TORWAS-TOR,ask,0,1,0.01,12461
2026-02-26T19:43:42.520364+00:00,KXNBAGAME-26FEB28TORWAS-TOR,ask,1,2,0.02,5288
2026-02-26T19:43:42.520364+00:00,KXNBAGAME-26FEB28TORWAS-TOR,ask,2,3,0.03,50873
2026-02-26T19:43:42.520364+00:00,KXNBAGAME-26FEB28TORWAS-TOR,ask,3,4,0.04,1435
2026-02-26T19:43:42.520364+00:00,KXNBAGAME-26FEB28TORWAS-TOR,ask,4,5,0.05,656
2026-02-26T19:43:42.520364+00:00,KXNBAGAME-26FEB28TORWAS-TOR,ask,5,6,0.06,154
2026-02-26T19:43:42.520364+00:00,KXNBAGAME-26FEB28TORWAS-TOR,ask,6,7,0.07,12150
2026-02-26T19:43:42.520364+00:00,KXNBAGAME-26FEB28TORWAS-TOR,ask,7,8,0.08,15522
2026-02-26T19:43:42.520364+00:00,KXNBAGAME-26FEB28TORWAS-TOR,ask,8,9,0.09,548
2026-02-26T19:43:42.520364+00:00,KXNBAGAME-26FEB28TORWAS-TOR,ask,9,12,0.12,500
2026-02-26T19:43:42.520364+00:00,KXNBAGAME-26FEB28TORWAS-TOR,ask,10,13,0.13,500
2026-02-26T19:43:42.520364+00:00,KXNBAGAME-26FEB28TORWAS-TOR,ask,11,16,0.16,20
2026-02-26T19:43:42.520364+00:00,KXNBAGAME-26FEB28TORWAS-TOR,ask,12,19,0.19,124
2026-02-26T19:43:42.520364+00:00,KXNBAGAME-26FEB28TORWAS-TOR,ask,13,21,0.21,903
2026-02-26T19:43:42.520364+00:00,KXNBAGAME-26FEB28TORWAS-TOR,ask,14,22,0.22,5283
2026-02-26T19:43:42.520364+00:00,KXNBAGAME-26FEB28TORWAS-TOR,ask,15,23,0.23,92
2026-02-26T19:43:42.520364+00:00,KXNBAGAME-26FEB28TORWAS-TOR,bid,13,1,0.01,12000
2026-02-26T19:43:42.520364+00:00,KXNBAGAME-26FEB28TORWAS-TOR,bid,12,2,0.02,5100
2026-02-26T19:43:42.520364+00:00,KXNBAGAME-26FEB28TORWAS-TOR,bid,11,3,0.03,50700
2026-02-26T19:43:42.520364+00:00,KXNBAGAME-26FEB28TORWAS-TOR,bid,10,5,0.05,500
2026-02-26T19:43:42.520364+00:00,KXNBAGAME-26FEB28TORWAS-TOR,bid,9,11,0.11,500
2026-02-26T19:43:42.520364+00:00,KXNBAGAME-26FEB28TORWAS-TOR,bid,8,12,0.12,300
2026-02-26T19:43:42.520364+00:00,KXNBAGAME-26FEB28TORWAS-TOR,bid,7,13,0.13,500
2026-02-26T19:43:42.520364+00:00,KXNBAGAME-26FEB28TORWAS-TOR,bid,6,14,0.14,411
2026-02-26T19:43:42.520364+00:00,KXNBAGAME-26FEB28TORWAS-TOR,bid,5,17,0.17,2183
2026-02-26T19:43:42.520364+00:00,KXNBAGAME-26FEB28TORWAS-TOR,bid,4,18,0.18,647
2026-02-26T19:43:42.520364+00:00,KXNBAGAME-26FEB28TORWAS-TOR,bid,3,68,0.68,2000
2026-02-26T19:43:42.520364+00:00,KXNBAGAME-26FEB28TORWAS-TOR,bid,2,70,0.7,5
2026-02-26T19:43:42.520364+00:00,KXNBAGAME-26FEB28TORWAS-TOR,bid,1,71,0.71,175
2026-02-26T19:43:42.520364+00:00,KXNBAGAME-26FEB28TORWAS-TOR,bid,0,73,0.73,225
2026-02-26T19:45:28.193669+00:00,KXNBAGAME-26FEB28TORWAS-TOR,ask,0,1,0.01,12461
2026-02-26T19:45:28.193669+00:00,KXNBAGAME-26FEB28TORWAS-TOR,ask,1,2,0.02,5422
2026-02-26T19:45:28.193669+00:00,KXNBAGAME-26FEB28TORWAS-TOR,ask,2,3,0.03,50996
2026-02-26T19:45:28.193669+00:00,KXNBAGAME-26FEB28TORWAS-TOR,ask,3,4,0.04,290
2026-02-26T19:45:28.193669+00:00,KXNBAGAME-26FEB28TORWAS-TOR,ask,4,5,0.05,1768
2026-02-26T19:45:28.193669+00:00,KXNBAGAME-26FEB28TORWAS-TOR,ask,5,6,0.06,264
2026-02-26T19:45:28.193669+00:00,KXNBAGAME-26FEB28TORWAS-TOR,ask,6,7,0.07,12258
2026-02-26T19:45:28.193669+00:00,KXNBAGAME-26FEB28TORWAS-TOR,ask,7,8,0.08,15522
2026-02-26T19:45:28.193669+00:00,KXNBAGAME-26FEB28TORWAS-TOR,ask,8,9,0.09,548
2026-02-26T19:45:28.193669+00:00,KXNBAGAME-26FEB28TORWAS-TOR,ask,9,12,0.12,500
2026-02-26T19:45:28.193669+00:00,KXNBAGAME-26FEB28TORWAS-TOR,ask,10,13,0.13,500
2026-02-26T19:45:28.193669+00:00,KXNBAGAME-26FEB28TORWAS-TOR,ask,11,16,0.16,20
2026-02-26T19:45:28.193669+00:00,KXNBAGAME-26FEB28TORWAS-TOR,ask,12,19,0.19,124
2026-02-26T19:45:28.193669+00:00,KXNBAGAME-26FEB28TORWAS-TOR,ask,13,21,0.21,822
2026-02-26T19:45:28.193669+00:00,KXNBAGAME-26FEB28TORWAS-TOR,ask,14,22,0.22,4893
2026-02-26T19:45:28.193669+00:00,KXNBAGAME-26FEB28TORWAS-TOR,bid,22,1,0.01,12000
2026-02-26T19:45:28.193669+00:00,KXNBAGAME-26FEB28TORWAS-TOR,bid,21,2,0.02,5100
2026-02-26T19:45:28.193669+00:00,KXNBAGAME-26FEB28TORWAS-TOR,bid,20,3,0.03,50700
2026-02-26T19:45:28.193669+00:00,KXNBAGAME-26FEB28TORWAS-TOR,bid,19,5,0.05,500
2026-02-26T19:45:28.193669+00:00,KXNBAGAME-26FEB28TORWAS-TOR,bid,18,11,0.11,500
2026-02-26T19:45:28.193669+00:00,KXNBAGAME-26FEB28TORWAS-TOR,bid,17,12,0.12,300
2026-02-26T19:45:28.193669+00:00,KXNBAGAME-26FEB28TORWAS-TOR,bid,16,13,0.13,500
2026-02-26T19:45:28.193669+00:00,KXNBAGAME-26FEB28TORWAS-TOR,bid,15,14,0.14,411
2026-02-26T19:45:28.193669+00:00,KXNBAGAME-26FEB28TORWAS-TOR,bid,14,21,0.21,1767
2026-02-26T19:45:28.193669+00:00,KXNBAGAME-26FEB28TORWAS-TOR,bid,13,22,0.22,636
2026-02-26T19:45:28.193669+00:00,KXNBAGAME-26FEB28TORWAS-TOR,bid,12,46,0.46,275
2026-02-26T19:45:28.193669+00:00,KXNBAGAME-26FEB28TORWAS-TOR,bid,11,47,0.47,242
2026-02-26T19:45:28.193669+00:00,KXNBAGAME-26FEB28TORWAS-TOR,bid,10,48,0.48,223
2026-02-26T19:45:28.193669+00:00,KXNBAGAME-26FEB28TORWAS-TOR,bid,9,49,0.49,146
2026-02-26T19:45:28.193669+00:00,KXNBAGAME-26FEB28TORWAS-TOR,bid,8,50,0.5,107
2026-02-26T19:45:28.193669+00:00,KXNBAGAME-26FEB28TORWAS-TOR,bid,7,51,0.51,88
2026-02-26T19:45:28.193669+00:00,KXNBAGAME-26FEB28TORWAS-TOR,bid,6,52,0.52,86
2026-02-26T19:45:28.193669+00:00,KXNBAGAME-26FEB28TORWAS-TOR,bid,5,68,0.68,2000
2026-02-26T19:45:28.193669+00:00,KXNBAGAME-26FEB28TORWAS-TOR,bid,4,70,0.7,5
2026-02-26T19:45:28.193669+00:00,KXNBAGAME-26FEB28TORWAS-TOR,bid,3,73,0.73,200
2026-02-26T19:45:28.193669+00:00,KXNBAGAME-26FEB28TORWAS-TOR,bid,2,74,0.74,60
2026-02-26T19:45:28.193669+00:00,KXNBAGAME-26FEB28TORWAS-TOR,bid,1,75,0.75,114
2026-02-26T19:45:28.193669+00:00,KXNBAGAME-26FEB28TORWAS-TOR,bid,0,76,0.76,125
2026-02-26T19:52:33.781783+00:00,KXNBAGAME-26FEB28TORWAS-TOR,ask,0,1,0.01,12461
2026-02-26T19:52:33.781783+00:00,KXNBAGAME-26FEB28TORWAS-TOR,ask,1,2,0.02,5288
2026-02-26T19:52:33.781783+00:00,KXNBAGAME-26FEB28TORWAS-TOR,ask,2,3,0.03,50873
2026-02-26T19:52:33.781783+00:00,KXNBAGAME-26FEB28TORWAS-TOR,ask,3,4,0.04,1435
2026-02-26T19:52:33.781783+00:00,KXNBAGAME-26FEB28TORWAS-TOR,ask,4,5,0.05,656
2026-02-26T19:52:33.781783+00:00,KXNBAGAME-26FEB28TORWAS-TOR,ask,5,6,0.06,154
2026-02-26T19:52:33.781783+00:00,KXNBAGAME-26FEB28TORWAS-TOR,ask,6,7,0.07,12150
2026-02-26T19:52:33.781783+00:00,KXNBAGAME-26FEB28TORWAS-TOR,ask,7,8,0.08,15522
2026-02-26T19:52:33.781783+00:00,KXNBAGAME-26FEB28TORWAS-TOR,ask,8,9,0.09,548
2026-02-26T19:52:33.781783+00:00,KXNBAGAME-26FEB28TORWAS-TOR,ask,9,12,0.12,500
2026-02-26T19:52:33.781783+00:00,KXNBAGAME-26FEB28TORWAS-TOR,ask,10,13,0.13,500
2026-02-26T19:52:33.781783+00:00,KXNBAGAME-26FEB28TORWAS-TOR,ask,11,16,0.16,20
2026-02-26T19:52:33.781783+00:00,KXNBAGAME-26FEB28TORWAS-TOR,ask,12,19,0.19,124
2026-02-26T19:52:33.781783+00:00,KXNBAGAME-26FEB28TORWAS-TOR,ask,13,21,0.21,903
2026-02-26T19:52:33.781783+00:00,KXNBAGAME-26FEB28TORWAS-TOR,ask,14,22,0.22,5283
2026-02-26T19:52:33.781783+00:00,KXNBAGAME-26FEB28TORWAS-TOR,ask,15,23,0.23,92
2026-02-26T19:52:33.781783+00:00,KXNBAGAME-26FEB28TORWAS-TOR,bid,13,1,0.01,12000
2026-02-26T19:52:33.781783+00:00,KXNBAGAME-26FEB28TORWAS-TOR,bid,12,2,0.02,5100
2026-02-26T19:52:33.781783+00:00,KXNBAGAME-26FEB28TORWAS-TOR,bid,11,3,0.03,50700
2026-02-26T19:52:33.781783+00:00,KXNBAGAME-26FEB28TORWAS-TOR,bid,10,5,0.05,500
2026-02-26T19:52:33.781783+00:00,KXNBAGAME-26FEB28TORWAS-TOR,bid,9,11,0.11,500
2026-02-26T19:52:33.781783+00:00,KXNBAGAME-26FEB28TORWAS-TOR,bid,8,12,0.12,300
2026-02-26T19:52:33.781783+00:00,KXNBAGAME-26FEB28TORWAS-TOR,bid,7,13,0.13,500
2026-02-26T19:52:33.781783+00:00,KXNBAGAME-26FEB28TORWAS-TOR,bid,6,14,0.14,411
2026-02-26T19:52:33.781783+00:00,KXNBAGAME-26FEB28TORWAS-TOR,bid,5,17,0.17,2183
2026-02-26T19:52:33.781783+00:00,KXNBAGAME-26FEB28TORWAS-TOR,bid,4,18,0.18,647
2026-02-26T19:52:33.781783+00:00,KXNBAGAME-26FEB28TORWAS-TOR,bid,3,68,0.68,2000
2026-02-26T19:52:33.781783+00:00,KXNBAGAME-26FEB28TORWAS-TOR,bid,2,70,0.7,5
2026-02-26T19:52:33.781783+00:00,KXNBAGAME-26FEB28TORWAS-TOR,bid,1,71,0.71,175
2026-02-26T19:52:33.781783+00:00,KXNBAGAME-26FEB28TORWAS-TOR,bid,0,73,0.73,225
2026-02-26T19:53:56.954823+00:00,KXNBAGAME-26FEB28TORWAS-TOR,ask,0,1,0.01,12461
2026-02-26T19:53:56.954823+00:00,KXNBAGAME-26FEB28TORWAS-TOR,ask,1,2,0.02,5422
2026-02-26T19:53:56.954823+00:00,KXNBAGAME-26FEB28TORWAS-TOR,ask,2,3,0.03,50996
2026-02-26T19:53:56.954823+00:00,KXNBAGAME-26FEB28TORWAS-TOR,ask,3,4,0.04,290
2026-02-26T19:53:56.954823+00:00,KXNBAGAME-26FEB28TORWAS-TOR,ask,4,5,0.05,1768
2026-02-26T19:53:56.954823+00:00,KXNBAGAME-26FEB28TORWAS-TOR,ask,5,6,0.06,264
2026-02-26T19:53:56.954823+00:00,KXNBAGAME-26FEB28TORWAS-TOR,ask,6,7,0.07,12258
2026-02-26T19:53:56.954823+00:00,KXNBAGAME-26FEB28TORWAS-TOR,ask,7,8,0.08,15522
2026-02-26T19:53:56.954823+00:00,KXNBAGAME-26FEB28TORWAS-TOR,ask,8,9,0.09,548
2026-02-26T19:53:56.954823+00:00,KXNBAGAME-26FEB28TORWAS-TOR,ask,9,12,0.12,500
2026-02-26T19:53:56.954823+00:00,KXNBAGAME-26FEB28TORWAS-TOR,ask,10,13,0.13,500
2026-02-26T19:53:56.954823+00:00,KXNBAGAME-26FEB28TORWAS-TOR,ask,11,16,0.16,20
2026-02-26T19:53:56.954823+00:00,KXNBAGAME-26FEB28TORWAS-TOR,ask,12,19,0.19,124
2026-02-26T19:53:56.954823+00:00,KXNBAGAME-26FEB28TORWAS-TOR,ask,13,21,0.21,822
2026-02-26T19:53:56.954823+00:00,KXNBAGAME-26FEB28TORWAS-TOR,ask,14,22,0.22,4735
2026-02-26T19:53:56.954823+00:00,KXNBAGAME-26FEB28TORWAS-TOR,bid,22,1,0.01,12000
2026-02-26T19:53:56.954823+00:00,KXNBAGAME-26FEB28TORWAS-TOR,bid,21,2,0.02,5100
2026-02-26T19:53:56.954823+00:00,KXNBAGAME-26FEB28TORWAS-TOR,bid,20,3,0.03,50700
2026-02-26T19:53:56.954823+00:00,KXNBAGAME-26FEB28TORWAS-TOR,bid,19,5,0.05,500
2026-02-26T19:53:56.954823+00:00,KXNBAGAME-26FEB28TORWAS-TOR,bid,18,11,0.11,500
2026-02-26T19:53:56.954823+00:00,KXNBAGAME-26FEB28TORWAS-TOR,bid,17,12,0.12,300
2026-02-26T19:53:56.954823+00:00,KXNBAGAME-26FEB28TORWAS-TOR,bid,16,13,0.13,500
2026-02-26T19:53:56.954823+00:00,KXNBAGAME-26FEB28TORWAS-TOR,bid,15,14,0.14,411
2026-02-26T19:53:56.954823+00:00,KXNBAGAME-26FEB28TORWAS-TOR,bid,14,21,0.21,1767
2026-02-26T19:53:56.954823+00:00,KXNBAGAME-26FEB28TORWAS-TOR,bid,13,22,0.22,636
2026-02-26T19:53:56.954823+00:00,KXNBAGAME-26FEB28TORWAS-TOR,bid,12,46,0.46,275
2026-02-26T19:53:56.954823+00:00,KXNBAGAME-26FEB28TORWAS-TOR,bid,11,47,0.47,242
2026-02-26T19:53:56.954823+00:00,KXNBAGAME-26FEB28TORWAS-TOR,bid,10,48,0.48,223
2026-02-26T19:53:56.954823+00:00,KXNBAGAME-26FEB28TORWAS-TOR,bid,9,49,0.49,146
2026-02-26T19:53:56.954823+00:00,KXNBAGAME-26FEB28TORWAS-TOR,bid,8,50,0.5,107
2026-02-26T19:53:56.954823+00:00,KXNBAGAME-26FEB28TORWAS-TOR,bid,7,51,0.51,88
